,NLS Time (ET),NLS Price,NLS Share Volume
1,09:59:45,$ 3445.985,100
2,09:59:39,$ 3446.54,100
3,09:59:24,$ 3446.76,100
4,09:59:19,$ 3446.4675,100
5,09:59:15,$ 3446.5275,200
6,09:59:10,$ 3446.985,100
7,09:58:53,$ 3447.27,100
8,09:58:45,$ 3446.56,100
9,09:58:37,$ 3447.29,100
10,09:58:19,$ 3447.00,100
11,09:57:57,$ 3446.47,100
12,09:57:56,$ 3446.00,161
13,09:57:55,$ 3446.19,100
14,09:57:55,$ 3446.19,100
15,09:57:54,$ 3445.54,100
16,09:57:51,$ 3445.55,126
17,09:57:35,$ 3445.35,100
18,09:57:27,$ 3444.171,113
19,09:57:27,$ 3444.5101,100
20,09:57:27,$ 3444.51,100
22,09:56:54,$ 3446.71,100
23,09:56:49,$ 3446.00,200
24,09:56:49,$ 3446.00,100
25,09:56:46,$ 3446.00,100
26,09:56:44,$ 3446.63,100
27,09:56:32,$ 3447.90,100
28,09:56:32,$ 3447.46,100
29,09:56:32,$ 3447.52,100
30,09:56:32,$ 3447.44,100
31,09:56:31,$ 3448.535,100
32,09:56:31,$ 3448.535,100
33,09:56:31,$ 3448.40,100
34,09:56:31,$ 3448.4775,100
35,09:56:18,$ 3448.58,100
36,09:56:05,$ 3447.1601,100
37,09:55:34,$ 3447.82,100
38,09:55:22,$ 3447.50,100
39,09:55:22,$ 3447.4375,100
40,09:55:22,$ 3447.3375,100
41,09:55:22,$ 3447.3375,100
43,09:55:22,$ 3447.3225,100
44,09:55:22,$ 3446.755,100
45,09:55:18,$ 3447.53,100
46,09:55:13,$ 3446.24,100
47,09:55:11,$ 3447.00,100
48,09:55:11,$ 3447.42,200
49,09:54:43,$ 3447.61,100
50,09:54:33,$ 3448.99,100
51,09:54:29,$ 3447.52,100
52,09:54:25,$ 3448.135,100
53,09:54:23,$ 3448.12,100
54,09:54:12,$ 3449.24,100
55,09:54:12,$ 3449.24,100
56,09:54:12,$ 3449.02,100
57,09:53:34,$ 3448.9375,100
58,09:53:34,$ 3448.9525,100
59,09:53:22,$ 3448.27,100
60,09:53:01,$ 3448.52,100
61,09:53:01,$ 3448.62,100
62,09:53:01,$ 3448.60,100
64,09:53:01,$ 3448.62,100
65,09:52:52,$ 3448.39,100
66,09:52:41,$ 3447.551,133
67,09:52:38,$ 3448.435,100
68,09:52:34,$ 3447.2452,400
69,09:52:01,$ 3447.45,100
70,09:51:55,$ 3447.45,100
71,09:51:54,$ 3448.00,200
72,09:51:31,$ 3449.1975,100
73,09:51:30,$ 3449.12,100
74,09:51:18,$ 3448.93,100
75,09:51:18,$ 3448.72,100
76,09:51:17,$ 3450.08,100
77,09:51:12,$ 3449.2725,100
78,09:51:12,$ 3449.745,100
79,09:51:08,$ 3449.91,100
80,09:51:05,$ 3451.15,100
81,09:51:01,$ 3451.075,100
82,09:50:52,$ 3451.16,100
83,09:50:43,$ 3451.095,100
85,09:50:42,$ 3450.9125,100
86,09:50:25,$ 3451.635,100
87,09:50:24,$ 3452.0625,100
88,09:50:22,$ 3452.155,100
89,09:50:16,$ 3452.46,100
90,09:50:16,$ 3452.04,100
91,09:50:16,$ 3452.04,100
92,09:50:16,$ 3452.28,100
93,09:50:10,$ 3451.32,100
94,09:49:48,$ 3452.22,100
95,09:49:48,$ 3452.00,100
96,09:49:48,$ 3452.77,100
97,09:49:48,$ 3452.62,100
98,09:49:46,$ 3452.415,100
99,09:49:46,$ 3452.405,100
100,09:49:46,$ 3452.415,100
101,09:49:13,$ 3451.64,149
102,09:49:07,$ 3451.00,300
103,09:49:05,$ 3451.41,100
104,09:49:00,$ 3450.8723,200
106,09:48:52,$ 3450.9097,100
107,09:48:49,$ 3451.387,500
108,09:48:42,$ 3452.11,100
109,09:48:42,$ 3452.11,100
110,09:48:42,$ 3451.38,100
111,09:48:35,$ 3452.49,100
112,09:48:33,$ 3453.25,100
113,09:48:33,$ 3452.86,100
114,09:48:29,$ 3453.29,100
115,09:48:18,$ 3452.915,"1,700"
116,09:48:17,$ 3452.91,100
117,09:48:17,$ 3452.915,100
118,09:48:14,$ 3452.88,100
119,09:48:10,$ 3452.935,100
120,09:48:10,$ 3452.935,100
121,09:48:05,$ 3453.08,100
122,09:48:05,$ 3452.7933,100
123,09:48:05,$ 3453.55,100
124,09:48:04,$ 3453.36,200
125,09:48:03,$ 3453.00,150
127,09:48:00,$ 3452.365,100
128,09:47:59,$ 3451.59,100
129,09:47:59,$ 3453.00,200
130,09:47:59,$ 3452.52,100
131,09:47:59,$ 3451.9801,100
132,09:47:59,$ 3452.00,100
133,09:47:59,$ 3452.00,117
134,09:47:59,$ 3451.55,100
135,09:47:59,$ 3451.89,200
136,09:47:53,$ 3451.025,100
137,09:47:53,$ 3451.025,100
138,09:47:44,$ 3450.85,100
139,09:47:44,$ 3450.38,100
140,09:47:44,$ 3450.76,100
141,09:47:44,$ 3450.72,100
142,09:47:44,$ 3450.845,100
143,09:47:44,$ 3449.91,100
144,09:47:21,$ 3448.895,100
145,09:47:14,$ 3449.40,100
146,09:47:14,$ 3448.89,100
148,09:47:14,$ 3449.03,100
149,09:47:14,$ 3449.39,100
150,09:47:13,$ 3448.8801,100
151,09:47:12,$ 3448.95,100
152,09:47:12,$ 3448.78,100
153,09:47:12,$ 3449.3384,"1,366"
154,09:47:12,$ 3447.6858,100
155,09:47:12,$ 3447.6258,100
156,09:47:00,$ 3447.56,100
157,09:46:56,$ 3447.40,100
158,09:46:55,$ 3448.00,100
159,09:46:53,$ 3447.40,100
160,09:46:52,$ 3447.40,100
161,09:46:51,$ 3447.33,100
162,09:46:47,$ 3446.06,100
163,09:46:47,$ 3446.825,200
164,09:46:40,$ 3446.25,100
165,09:46:40,$ 3446.4275,100
166,09:46:40,$ 3446.3775,100
167,09:46:38,$ 3447.40,133
169,09:46:37,$ 3447.83,100
170,09:46:32,$ 3446.7975,100
171,09:46:17,$ 3446.125,100
172,09:46:16,$ 3447.83,100
173,09:46:15,$ 3446.96,100
174,09:46:06,$ 3446.50,100
175,09:45:47,$ 3446.09,100
176,09:45:42,$ 3446.01,100
177,09:45:41,$ 3447.10,100
178,09:45:20,$ 3446.52,100
179,09:45:05,$ 3446.00,100
180,09:45:05,$ 3445.65,100
181,09:45:05,$ 3445.20,100
182,09:45:01,$ 3445.64,100
183,09:45:01,$ 3445.80,100
184,09:45:01,$ 3445.765,100
185,09:45:01,$ 3445.765,100
186,09:45:01,$ 3445.47,100
187,09:45:01,$ 3445.6275,100
188,09:44:46,$ 3445.00,140
190,09:44:45,$ 3447.3311,100
191,09:44:37,$ 3446.67,100
192,09:44:29,$ 3446.335,100
193,09:44:27,$ 3446.00,100
194,09:44:17,$ 3446.235,150
195,09:44:16,$ 3448.265,100
196,09:44:16,$ 3448.27,100
197,09:44:15,$ 3447.74,100
198,09:44:15,$ 3448.32,100
199,09:44:15,$ 3447.73,100
200,09:44:12,$ 3447.15,100
201,09:43:43,$ 3447.09,100
202,09:43:43,$ 3447.098,100
203,09:43:43,$ 3448.455,100
204,09:43:28,$ 3449.195,100
205,09:43:27,$ 3448.4375,100
206,09:43:26,$ 3446.56,100
207,09:43:26,$ 3448.60,100
208,09:43:26,$ 3448.60,100
209,09:43:26,$ 3448.735,100
211,09:43:26,$ 3448.94,100
212,09:43:26,$ 3449.03,100
213,09:43:24,$ 3449.00,100
214,09:43:01,$ 3448.53,100
215,09:43:00,$ 3448.1473,344
216,09:42:52,$ 3449.97,100
217,09:42:52,$ 3449.96,600
218,09:42:49,$ 3449.85,100
219,09:42:47,$ 3449.3675,100
220,09:42:44,$ 3449.355,100
221,09:42:42,$ 3448.18,100
222,09:42:40,$ 3449.18,100
223,09:42:40,$ 3449.3575,100
224,09:42:39,$ 3449.2775,100
225,09:42:39,$ 3449.3325,100
226,09:42:39,$ 3448.935,100
227,09:42:36,$ 3448.83,100
228,09:42:36,$ 3449.39,100
229,09:42:35,$ 3448.8468,250
230,09:42:29,$ 3448.29,100
232,09:42:29,$ 3448.78,100
233,09:42:13,$ 3449.12,100
234,09:42:03,$ 3448.97,100
235,09:42:00,$ 3450.4775,100
236,09:41:59,$ 3449.52,100
237,09:41:59,$ 3449.5038,100
238,09:41:59,$ 3449.53,100
239,09:41:59,$ 3451.265,100
240,09:41:59,$ 3450.47,100
241,09:41:59,$ 3450.70,100
242,09:41:57,$ 3451.315,100
243,09:41:57,$ 3451.315,100
244,09:41:57,$ 3451.315,100
245,09:41:57,$ 3451.315,100
246,09:41:56,$ 3451.585,100
247,09:41:54,$ 3451.41,100
248,09:41:54,$ 3451.39,100
249,09:41:52,$ 3450.8147,150
250,09:41:48,$ 3451.235,100
251,09:41:39,$ 3451.00,100
253,09:41:39,$ 3451.13,100
254,09:41:39,$ 3451.12,100
255,09:41:32,$ 3452.07,100
256,09:41:32,$ 3452.10,100
257,09:41:31,$ 3452.18,100
258,09:41:31,$ 3452.3825,100
259,09:41:31,$ 3452.495,100
260,09:41:31,$ 3452.06,100
261,09:41:24,$ 3452.328,100
262,09:41:24,$ 3452.0065,236
263,09:41:16,$ 3452.3326,400
264,09:41:03,$ 3452.00,100
265,09:41:03,$ 3452.00,100
266,09:41:03,$ 3452.00,100
267,09:41:02,$ 3451.4774,100
268,09:41:01,$ 3452.61,100
269,09:41:01,$ 3452.25,100
270,09:41:00,$ 3452.39,100
271,09:40:57,$ 3452.17,100
272,09:40:52,$ 3452.33,100
274,09:40:46,$ 3451.1831,300
275,09:40:35,$ 3451.615,100
276,09:40:32,$ 3452.25,100
277,09:40:32,$ 3452.25,100
278,09:40:31,$ 3452.50,100
279,09:40:31,$ 3452.11,100
280,09:40:23,$ 3451.9619,100
281,09:40:17,$ 3452.93,100
282,09:40:16,$ 3452.00,100
283,09:40:16,$ 3451.145,500
284,09:40:13,$ 3451.80,100
285,09:40:13,$ 3451.95,100
286,09:40:06,$ 3452.376,100
287,09:40:05,$ 3452.94,100
288,09:40:05,$ 3452.98,113
289,09:40:02,$ 3452.25,300
290,09:40:02,$ 3452.23,100
291,09:40:00,$ 3451.8875,100
292,09:39:55,$ 3452.00,173
293,09:39:55,$ 3452.00,100
295,09:39:55,$ 3452.00,196
296,09:39:45,$ 3451.73,100
297,09:39:45,$ 3451.99,100
298,09:39:43,$ 3450.93,100
299,09:39:42,$ 3450.925,100
300,09:39:42,$ 3450.92,100
301,09:39:42,$ 3450.92,100
302,09:39:42,$ 3450.92,100
303,09:39:38,$ 3450.74,100
304,09:39:33,$ 3450.5254,500
305,09:39:23,$ 3450.0101,200
306,09:39:20,$ 3451.50,100
307,09:39:20,$ 3451.55,150
308,09:39:20,$ 3451.00,127
309,09:39:20,$ 3451.00,100
310,09:39:20,$ 3451.00,300
311,09:39:20,$ 3451.00,381
312,09:39:20,$ 3451.00,117
313,09:39:20,$ 3451.00,100
314,09:39:20,$ 3451.00,100
316,09:39:20,$ 3451.00,100
317,09:39:15,$ 3449.97,100
318,09:39:15,$ 3449.97,100
319,09:39:11,$ 3450.4987,100
320,09:39:05,$ 3450.79,100
321,09:39:04,$ 3450.00,100
322,09:39:03,$ 3449.88,100
323,09:39:03,$ 3449.88,100
324,09:39:00,$ 3449.14,500
325,09:38:58,$ 3449.745,100
326,09:38:57,$ 3449.78,100
327,09:38:57,$ 3449.75,100
328,09:38:57,$ 3449.795,100
329,09:38:57,$ 3449.6825,100
330,09:38:55,$ 3449.99,100
331,09:38:49,$ 3449.90,100
332,09:38:45,$ 3450.73,190
333,09:38:44,$ 3450.19,100
334,09:38:44,$ 3450.19,100
335,09:38:27,$ 3450.36,100
337,09:38:23,$ 3449.60,100
338,09:38:18,$ 3449.52,100
339,09:38:18,$ 3449.52,100
340,09:38:18,$ 3449.52,100
341,09:38:16,$ 3450.045,100
342,09:38:16,$ 3450.045,100
343,09:38:07,$ 3449.1794,100
344,09:38:03,$ 3449.28,100
345,09:38:03,$ 3449.25,100
346,09:38:03,$ 3450.02,100
347,09:38:03,$ 3450.025,100
348,09:38:00,$ 3450.00,200
349,09:37:45,$ 3448.0044,100
350,09:37:45,$ 3449.35,100
351,09:37:42,$ 3448.505,100
352,09:37:39,$ 3448.38,200
353,09:37:39,$ 3448.50,100
354,09:37:39,$ 3448.38,200
355,09:37:39,$ 3448.44,100
356,09:37:36,$ 3449.2579,100
358,09:37:34,$ 3448.53,400
359,09:37:27,$ 3449.655,100
360,09:37:27,$ 3449.655,100
361,09:37:27,$ 3449.6225,100
362,09:37:27,$ 3449.4798,100
363,09:37:26,$ 3449.6181,289
364,09:37:26,$ 3450.47,100
365,09:37:22,$ 3450.74,100
366,09:37:22,$ 3450.00,200
367,09:37:22,$ 3449.87,100
368,09:37:20,$ 3449.59,100
369,09:37:20,$ 3449.57,100
370,09:37:18,$ 3446.25,100
371,09:37:17,$ 3449.475,100
372,09:37:17,$ 3449.53,129
373,09:37:08,$ 3448.30,100
374,09:37:08,$ 3448.49,100
375,09:37:03,$ 3447.695,100
376,09:37:01,$ 3447.06,100
377,09:37:01,$ 3447.1275,100
379,09:37:01,$ 3447.1525,100
380,09:36:52,$ 3447.77,100
381,09:36:52,$ 3447.495,100
382,09:36:52,$ 3447.3225,100
383,09:36:52,$ 3447.705,100
384,09:36:51,$ 3447.82,114
385,09:36:51,$ 3447.6989,114
386,09:36:51,$ 3447.642,290
387,09:36:50,$ 3447.50,100
388,09:36:47,$ 3447.655,100
389,09:36:45,$ 3448.04,200
390,09:36:42,$ 3448.16,100
391,09:36:37,$ 3448.21,100
392,09:36:37,$ 3448.21,100
393,09:36:37,$ 3448.00,497
394,09:36:34,$ 3448.21,100
395,09:36:32,$ 3448.21,150
396,09:36:29,$ 3447.00,100
397,09:36:28,$ 3448.25,100
398,09:36:25,$ 3448.46,100
400,09:36:25,$ 3448.28,100
401,09:36:14,$ 3446.61,100
402,09:36:14,$ 3446.71,100
403,09:36:08,$ 3447.4366,150
404,09:35:51,$ 3445.9377,140
405,09:35:47,$ 3446.69,100
406,09:35:40,$ 3445.99,100
407,09:35:40,$ 3445.98,169
408,09:35:33,$ 3444.875,100
409,09:35:33,$ 3444.83,100
410,09:35:32,$ 3445.00,100
411,09:35:19,$ 3441.135,100
412,09:35:11,$ 3442.1433,100
413,09:35:11,$ 3442.00,269
414,09:35:06,$ 3443.12,100
415,09:35:06,$ 3442.045,100
416,09:34:52,$ 3441.00,100
417,09:34:41,$ 3442.52,100
418,09:34:41,$ 3442.80,100
419,09:34:39,$ 3442.29,100
421,09:34:32,$ 3442.18,100
422,09:34:22,$ 3444.2075,100
423,09:34:19,$ 3445.36,"1,000"
424,09:34:18,$ 3444.3225,100
425,09:34:15,$ 3445.06,100
426,09:34:13,$ 3445.00,100
427,09:34:13,$ 3445.00,100
428,09:34:01,$ 3443.73,100
429,09:34:01,$ 3443.61,100
430,09:34:01,$ 3443.52,100
431,09:34:01,$ 3444.00,100
432,09:34:00,$ 3441.0001,100
433,09:33:56,$ 3442.68,100
434,09:33:56,$ 3443.00,226
435,09:33:52,$ 3445.48,100
436,09:33:47,$ 3446.08,100
437,09:33:47,$ 3446.16,100
438,09:33:47,$ 3446.17,100
439,09:33:47,$ 3445.115,100
440,09:33:38,$ 3444.04,100
442,09:33:37,$ 3445.00,100
443,09:33:36,$ 3446.70,100
444,09:33:33,$ 3445.8596,100
445,09:33:30,$ 3444.04,100
446,09:33:27,$ 3444.05,100
447,09:33:10,$ 3446.62,223
448,09:32:55,$ 3447.40,100
449,09:32:55,$ 3447.36,100
450,09:32:50,$ 3449.07,100
451,09:32:50,$ 3448.71,100
452,09:32:50,$ 3448.27,100
453,09:32:50,$ 3447.01,106
454,09:32:50,$ 3448.93,100
455,09:32:48,$ 3447.01,250
456,09:32:43,$ 3447.01,304
457,09:32:42,$ 3447.00,100
458,09:32:39,$ 3446.00,100
459,09:32:32,$ 3445.67,100
460,09:32:32,$ 3448.3799,100
461,09:32:31,$ 3445.04,100
463,09:32:26,$ 3448.38,100
464,09:32:25,$ 3447.9857,100
465,09:32:22,$ 3448.91,100
466,09:32:08,$ 3447.361,100
467,09:32:08,$ 3449.30,100
468,09:32:06,$ 3448.856,342
469,09:32:03,$ 3449.23,100
470,09:31:58,$ 3449.10,100
471,09:31:49,$ 3449.50,100
472,09:31:49,$ 3448.27,100
473,09:31:49,$ 3448.26,119
474,09:31:42,$ 3445.295,100
475,09:31:41,$ 3447.79,200
476,09:31:39,$ 3448.99,100
477,09:31:39,$ 3448.90,100
478,09:31:38,$ 3447.31,100
479,09:31:38,$ 3447.30,100
480,09:31:35,$ 3446.6789,100
481,09:31:28,$ 3448.00,100
482,09:31:27,$ 3447.62,100
484,09:31:09,$ 3448.00,100
485,09:31:09,$ 3450.04,100
486,09:31:08,$ 3450.32,100
487,09:31:04,$ 3445.26,100
488,09:31:04,$ 3445.06,100
489,09:31:04,$ 3445.06,100
490,09:31:04,$ 3445.00,200
491,09:30:58,$ 3450.3199,100
492,09:30:58,$ 3448.90,132
493,09:30:54,$ 3447.0431,160
494,09:30:52,$ 3447.64,100
495,09:30:41,$ 3450.66,100
496,09:30:36,$ 3452.044,100
497,09:30:36,$ 3451.33,100
498,09:30:30,$ 3452.5697,200
499,09:30:29,$ 3452.00,100
500,09:30:25,$ 3451.955,100
501,09:30:25,$ 3453.5053,387
502,09:30:23,$ 3451.955,100
503,09:30:16,$ 3453.87,179
505,09:30:16,$ 3452.67,100
506,09:30:15,$ 3451.55,100
507,09:30:15,$ 3451.85,100
508,09:30:15,$ 3452.35,100
509,09:30:15,$ 3452.91,100
510,09:30:15,$ 3453.20,200
511,09:30:15,$ 3453.20,195
512,09:30:15,$ 3452.70,600
513,09:30:15,$ 3453.195,100
514,09:30:15,$ 3452.48,100
515,09:30:15,$ 3452.62,200
516,09:30:13,$ 3448.11,500
517,09:30:13,$ 3450.00,100
518,09:30:13,$ 3450.00,100
519,09:30:08,$ 3448.365,100
520,09:30:07,$ 3445.23,499
521,09:30:04,$ 3447.80,100
522,09:30:04,$ 3447.33,100
523,09:30:03,$ 3447.3394,361
524,09:30:03,$ 3447.89,100
526,09:30:03,$ 3449.00,287
527,09:30:03,$ 3449.00,176
528,09:30:03,$ 3449.01,100
529,09:30:03,$ 3449.85,496
530,09:30:03,$ 3450.02,100
531,09:30:02,$ 3451.47,1
532,09:30:02,$ 3451.47,1
533,09:30:02,$ 3451.47,2
534,09:30:02,$ 3451.47,14
535,09:30:02,$ 3451.47,2
536,09:30:02,$ 3451.47,100
537,09:30:02,$ 3451.47,2
538,09:30:02,$ 3451.47,1
539,09:30:02,$ 3451.47,1
540,09:30:02,$ 3451.47,5
541,09:30:02,$ 3451.47,2
542,09:30:02,$ 3451.47,2
543,09:30:02,$ 3451.47,3
544,09:30:02,$ 3451.47,12
545,09:30:02,$ 3451.47,1
547,09:30:02,$ 3451.47,2
548,09:30:02,$ 3451.47,1
549,09:30:02,$ 3451.47,1
550,09:30:02,$ 3451.47,8
551,09:30:02,$ 3451.47,18
552,09:30:02,$ 3451.47,1
553,09:30:02,$ 3451.47,1
554,09:30:02,$ 3451.47,3
555,09:30:02,$ 3451.47,1
556,09:30:02,$ 3451.47,1
557,09:30:02,$ 3451.47,15
558,09:30:02,$ 3451.47,1
559,09:30:02,$ 3451.47,1
560,09:30:02,$ 3451.47,6
561,09:30:02,$ 3451.47,4
562,09:30:02,$ 3451.47,1
563,09:30:02,$ 3451.47,3
564,09:30:02,$ 3451.47,2
565,09:30:02,$ 3451.47,2
566,09:30:02,$ 3451.47,1
568,09:30:02,$ 3451.47,2
569,09:30:02,$ 3451.47,2
570,09:30:02,$ 3451.47,2
571,09:30:02,$ 3451.47,1
572,09:30:02,$ 3451.47,3
573,09:30:02,$ 3451.47,3
574,09:30:02,$ 3451.47,1
575,09:30:02,$ 3451.47,2
576,09:30:02,$ 3451.47,1
577,09:30:02,$ 3451.47,6
578,09:30:02,$ 3451.47,5
579,09:30:02,$ 3451.47,1
580,09:30:02,$ 3451.47,1
581,09:30:02,$ 3451.47,3
582,09:30:02,$ 3451.47,2
583,09:30:02,$ 3451.47,3
584,09:30:02,$ 3451.47,4
585,09:30:02,$ 3451.47,1
586,09:30:02,$ 3451.47,1
587,09:30:02,$ 3451.47,2
589,09:30:02,$ 3451.47,3
590,09:30:02,$ 3451.47,1
591,09:30:02,$ 3451.47,1
592,09:30:02,$ 3451.47,3
593,09:30:02,$ 3451.47,1
594,09:30:02,$ 3451.47,3
595,09:30:02,$ 3451.47,4
596,09:30:02,$ 3451.47,2
597,09:30:02,$ 3451.47,3
598,09:30:02,$ 3451.47,2
599,09:30:02,$ 3451.47,2
600,09:30:02,$ 3451.47,1
601,09:30:02,$ 3451.47,1
602,09:30:02,$ 3451.47,2
603,09:30:02,$ 3451.47,1
604,09:30:02,$ 3451.47,1
605,09:30:02,$ 3451.47,2
606,09:30:02,$ 3451.47,3
607,09:30:02,$ 3451.47,2
608,09:30:02,$ 3451.47,9
610,09:30:02,$ 3451.47,4
611,09:30:02,$ 3451.47,8
612,09:30:02,$ 3451.47,1
613,09:30:02,$ 3451.47,1
614,09:30:02,$ 3451.47,1
615,09:30:02,$ 3451.47,4
616,09:30:02,$ 3451.47,1
617,09:30:02,$ 3451.47,1
618,09:30:02,$ 3451.47,1
619,09:30:02,$ 3451.47,5
620,09:30:02,$ 3451.47,1
621,09:30:02,$ 3451.47,1
622,09:30:02,$ 3451.47,1
623,09:30:02,$ 3451.47,1
624,09:30:02,$ 3451.47,50
625,09:30:02,$ 3451.47,20
626,09:30:02,$ 3451.47,12
627,09:30:02,$ 3451.47,1
628,09:30:02,$ 3451.47,2
629,09:30:02,$ 3451.47,2
631,09:30:02,$ 3451.47,4
632,09:30:02,$ 3451.47,2
633,09:30:02,$ 3451.47,1
634,09:30:02,$ 3451.47,1
635,09:30:02,$ 3451.47,29
636,09:30:02,$ 3451.47,5
637,09:30:02,$ 3451.47,26
638,09:30:02,$ 3451.47,1
639,09:30:02,$ 3451.47,61
640,09:30:02,$ 3451.47,10
641,09:30:02,$ 3451.47,2
642,09:30:02,$ 3451.47,1
643,09:30:02,$ 3451.47,2
644,09:30:02,$ 3451.47,1
645,09:30:02,$ 3451.47,1
646,09:30:02,$ 3451.47,1
647,09:30:02,$ 3451.47,3
648,09:30:02,$ 3451.47,28
649,09:30:02,$ 3451.47,10
650,09:30:02,$ 3451.47,2
652,09:30:02,$ 3451.47,1
653,09:30:02,$ 3451.47,1
654,09:30:02,$ 3451.47,5
655,09:30:02,$ 3451.47,3
656,09:30:02,$ 3451.47,11
657,09:30:02,$ 3451.47,10
658,09:30:02,$ 3451.47,10
659,09:30:02,$ 3451.47,1
660,09:30:02,$ 3451.47,1
661,09:30:02,$ 3451.47,50
662,09:30:02,$ 3451.47,1
663,09:30:02,$ 3451.47,4
664,09:30:02,$ 3451.47,"1,100"
665,09:30:02,$ 3451.47,1
666,09:30:02,$ 3451.47,5
667,09:30:02,$ 3451.47,25
668,09:30:02,$ 3451.47,2
669,09:30:02,$ 3451.47,1
670,09:30:02,$ 3451.47,1
671,09:30:02,$ 3451.47,10
673,09:30:02,$ 3451.47,2
674,09:30:02,$ 3451.47,5
675,09:30:02,$ 3451.47,1
676,09:30:02,$ 3451.47,1
677,09:30:02,$ 3451.47,1
678,09:30:02,$ 3451.47,2
679,09:30:02,$ 3451.47,10
680,09:30:02,$ 3451.47,2
681,09:30:02,$ 3451.47,4
682,09:30:02,$ 3451.47,45
683,09:30:02,$ 3451.47,2
684,09:30:02,$ 3451.47,9
685,09:30:02,$ 3451.47,4
686,09:30:02,$ 3451.47,100
687,09:30:02,$ 3451.47,2
688,09:30:02,$ 3451.47,1
689,09:30:02,$ 3451.47,10
690,09:30:02,$ 3451.47,1
691,09:30:02,$ 3451.47,2
692,09:30:02,$ 3451.47,3
694,09:30:02,$ 3451.47,1
695,09:30:02,$ 3451.47,4
696,09:30:02,$ 3451.47,3
697,09:30:02,$ 3451.47,1
698,09:30:02,$ 3451.47,10
699,09:30:02,$ 3451.47,2
700,09:30:02,$ 3451.47,4
701,09:30:02,$ 3451.47,10
702,09:30:02,$ 3451.47,3
703,09:30:02,$ 3451.47,15
704,09:30:02,$ 3451.47,6
705,09:30:02,$ 3451.47,169
706,09:30:02,$ 3451.47,9
707,09:30:02,$ 3451.47,1
708,09:30:02,$ 3451.47,2
709,09:30:02,$ 3451.47,2
710,09:30:02,$ 3451.47,6
711,09:30:02,$ 3451.47,1
712,09:30:02,$ 3451.47,2
713,09:30:02,$ 3451.47,1
715,09:30:02,$ 3451.47,6
716,09:30:02,$ 3451.47,1
717,09:30:02,$ 3451.47,2
718,09:30:02,$ 3451.47,1
719,09:30:02,$ 3451.47,2
720,09:30:02,$ 3451.47,2
721,09:30:02,$ 3451.47,2
722,09:30:02,$ 3451.47,3
723,09:30:02,$ 3451.47,1
724,09:30:02,$ 3451.47,3
725,09:30:02,$ 3451.47,2
726,09:30:02,$ 3451.47,52
727,09:30:02,$ 3451.47,13
728,09:30:02,$ 3451.47,2
729,09:30:02,$ 3451.47,2
730,09:30:02,$ 3451.47,5
731,09:30:02,$ 3451.47,1
732,09:30:02,$ 3451.47,1
733,09:30:02,$ 3451.47,11
734,09:30:02,$ 3451.47,1
736,09:30:02,$ 3451.47,6
737,09:30:02,$ 3451.47,1
738,09:30:02,$ 3451.47,1
739,09:30:02,$ 3451.47,3
740,09:30:02,$ 3451.47,1
741,09:30:02,$ 3451.47,1
742,09:30:02,$ 3451.47,1
743,09:30:02,$ 3451.47,2
744,09:30:02,$ 3451.47,1
745,09:30:02,$ 3451.47,1
746,09:30:02,$ 3451.47,4
747,09:30:02,$ 3451.47,1
748,09:30:02,$ 3451.47,1
749,09:30:02,$ 3451.47,2
750,09:30:02,$ 3451.47,5
751,09:30:02,$ 3451.47,3
752,09:30:02,$ 3451.47,2
753,09:30:02,$ 3451.47,3
754,09:30:02,$ 3451.47,2
755,09:30:02,$ 3451.47,3
757,09:30:02,$ 3451.47,6
758,09:30:02,$ 3451.47,2
759,09:30:02,$ 3451.47,3
760,09:30:02,$ 3451.47,5
761,09:30:02,$ 3451.47,7
762,09:30:02,$ 3451.47,10
763,09:30:02,$ 3451.47,1
764,09:30:02,$ 3451.47,10
765,09:30:02,$ 3451.47,10
766,09:30:02,$ 3451.47,2
767,09:30:02,$ 3451.47,1
768,09:30:02,$ 3451.47,5
769,09:30:02,$ 3451.47,8
770,09:30:02,$ 3451.47,4
771,09:30:02,$ 3451.47,10
772,09:30:02,$ 3451.47,8
773,09:30:02,$ 3451.47,4
774,09:30:02,$ 3451.47,2
775,09:30:02,$ 3451.47,1
776,09:30:02,$ 3451.47,14
778,09:30:02,$ 3451.47,1
779,09:30:02,$ 3451.47,1
780,09:30:02,$ 3451.47,3
781,09:30:02,$ 3451.47,2
782,09:30:02,$ 3451.47,1
783,09:30:02,$ 3451.47,3
784,09:30:02,$ 3451.47,1
785,09:30:02,$ 3451.47,3
786,09:30:02,$ 3451.47,9
787,09:30:02,$ 3451.47,4
788,09:30:02,$ 3451.47,2
789,09:30:02,$ 3451.47,3
790,09:30:02,$ 3451.47,2
791,09:30:02,$ 3451.47,1
792,09:30:02,$ 3451.47,1
793,09:30:02,$ 3451.47,3
794,09:30:02,$ 3451.47,2
795,09:30:02,$ 3451.47,2
796,09:30:02,$ 3451.47,14
797,09:30:02,$ 3451.47,10
799,09:30:02,$ 3451.47,3
800,09:30:02,$ 3451.47,1
801,09:30:02,$ 3451.47,3
802,09:30:02,$ 3451.47,2
803,09:30:02,$ 3451.47,1
804,09:30:02,$ 3451.47,1
805,09:30:02,$ 3451.47,1
806,09:30:02,$ 3451.47,1
807,09:30:02,$ 3451.47,1
808,09:30:02,$ 3451.47,1
809,09:30:02,$ 3451.47,2
810,09:30:02,$ 3451.47,2
811,09:30:02,$ 3451.47,2
812,09:30:02,$ 3451.47,7
813,09:30:02,$ 3451.47,1
814,09:30:02,$ 3451.47,1
815,09:30:02,$ 3451.47,1
816,09:30:02,$ 3451.47,3
817,09:30:02,$ 3451.47,2
818,09:30:02,$ 3451.47,2
820,09:30:02,$ 3451.47,1
821,09:30:02,$ 3451.47,640
822,09:30:02,$ 3451.47,35
823,09:30:02,$ 3451.47,1
824,09:30:02,$ 3451.47,3
825,09:30:02,$ 3451.47,1
826,09:30:02,$ 3451.47,4
827,09:30:02,$ 3451.47,16
828,09:30:02,$ 3451.47,9
829,09:30:02,$ 3451.47,4
830,09:30:02,$ 3451.47,24
831,09:30:02,$ 3451.47,298
832,09:30:02,$ 3451.47,4
833,09:30:02,$ 3451.47,7
834,09:30:02,$ 3451.47,8
835,09:30:02,$ 3451.47,10
836,09:30:02,$ 3451.47,3
837,09:30:02,$ 3451.47,1
838,09:30:02,$ 3451.47,1
839,09:30:02,$ 3451.47,1
841,09:30:02,$ 3451.47,4
842,09:30:02,$ 3451.47,10
843,09:30:02,$ 3451.47,3
844,09:30:02,$ 3451.47,2
845,09:30:02,$ 3451.47,1
846,09:30:02,$ 3451.47,10
847,09:30:02,$ 3451.47,2
848,09:30:02,$ 3451.47,1
849,09:30:02,$ 3451.47,2
850,09:30:02,$ 3451.47,1
851,09:30:02,$ 3451.47,1
852,09:30:02,$ 3451.47,5
853,09:30:02,$ 3451.47,3
854,09:30:02,$ 3451.47,4
855,09:30:02,$ 3451.47,1
856,09:30:02,$ 3451.47,1
857,09:30:02,$ 3451.47,1
858,09:30:02,$ 3451.47,1
859,09:30:02,$ 3451.47,2
860,09:30:02,$ 3451.47,1
862,09:30:02,$ 3451.47,3
863,09:30:02,$ 3451.47,1
864,09:30:02,$ 3451.47,1
865,09:30:02,$ 3451.47,3
866,09:30:02,$ 3451.47,33
867,09:30:02,$ 3451.47,8
868,09:30:02,$ 3451.47,248
869,09:30:02,$ 3451.47,2
870,09:30:02,$ 3451.47,1
871,09:30:02,$ 3451.47,1
872,09:30:02,$ 3451.47,1
873,09:30:02,$ 3451.47,20
874,09:30:02,$ 3451.47,4
875,09:30:02,$ 3451.47,2
876,09:30:02,$ 3451.47,5
877,09:30:02,$ 3451.47,1
878,09:30:02,$ 3451.47,2
879,09:30:02,$ 3451.47,2
880,09:30:02,$ 3451.47,2
881,09:30:02,$ 3451.47,1
883,09:30:02,$ 3451.47,1
884,09:30:02,$ 3451.47,11
885,09:30:02,$ 3451.47,14
886,09:30:02,$ 3451.47,5
887,09:30:02,$ 3451.47,1
888,09:30:02,$ 3451.47,2
889,09:30:02,$ 3451.47,3
890,09:30:02,$ 3451.47,9
891,09:30:02,$ 3451.47,8
892,09:30:02,$ 3451.47,15
893,09:30:02,$ 3451.47,5
894,09:30:02,$ 3451.47,1
895,09:30:02,$ 3451.47,1
896,09:30:02,$ 3451.47,1
897,09:30:02,$ 3451.47,30
898,09:30:02,$ 3451.47,1
899,09:30:02,$ 3451.47,1
900,09:30:02,$ 3451.47,10
901,09:30:02,$ 3451.47,2
902,09:30:02,$ 3451.47,1
904,09:30:02,$ 3451.47,12
905,09:30:02,$ 3451.47,1
906,09:30:02,$ 3451.47,2
907,09:30:02,$ 3451.47,1
908,09:30:02,$ 3451.47,1
909,09:30:02,$ 3451.47,5
910,09:30:02,$ 3451.47,1
911,09:30:02,$ 3451.47,1
912,09:30:02,$ 3451.47,2
913,09:30:02,$ 3451.47,8
914,09:30:02,$ 3451.47,10
915,09:30:02,$ 3451.47,8
916,09:30:02,$ 3451.47,1
917,09:30:02,$ 3451.47,8
918,09:30:02,$ 3451.47,2
919,09:30:02,$ 3451.47,3
920,09:30:02,$ 3451.47,15
921,09:30:02,$ 3451.47,1
922,09:30:02,$ 3451.47,1
923,09:30:02,$ 3451.47,1
925,09:30:02,$ 3451.47,2
926,09:30:02,$ 3451.47,2
927,09:30:02,$ 3451.47,1
928,09:30:02,$ 3451.47,5
929,09:30:02,$ 3451.47,4
930,09:30:02,$ 3451.47,10
931,09:30:02,$ 3451.47,5
932,09:30:02,$ 3451.47,1
933,09:30:02,$ 3451.47,1
934,09:30:02,$ 3451.47,5
935,09:30:02,$ 3451.47,18
936,09:30:02,$ 3451.47,5
937,09:30:02,$ 3451.47,30
938,09:30:02,$ 3451.47,4
939,09:30:02,$ 3451.47,1
940,09:30:02,$ 3451.47,30
941,09:30:02,$ 3451.47,3
942,09:30:02,$ 3451.47,5
943,09:30:02,$ 3451.47,11
944,09:30:02,$ 3451.47,1
946,09:30:02,$ 3451.47,1
947,09:30:02,$ 3451.47,3
948,09:30:02,$ 3451.47,1
949,09:30:02,$ 3451.47,2
950,09:30:02,$ 3451.47,24
951,09:30:02,$ 3451.47,1
952,09:30:02,$ 3451.47,1
953,09:30:02,$ 3451.47,11
954,09:30:02,$ 3451.47,26
955,09:30:02,$ 3451.47,14
956,09:30:02,$ 3451.47,45
957,09:30:02,$ 3451.47,1
958,09:30:02,$ 3451.47,2
959,09:30:02,$ 3451.47,3
960,09:30:02,$ 3451.47,7
961,09:30:02,$ 3451.47,1
962,09:30:02,$ 3451.47,15
963,09:30:02,$ 3451.47,10
964,09:30:02,$ 3451.47,20
965,09:30:02,$ 3451.47,7
967,09:30:02,$ 3451.47,140
968,09:30:02,$ 3451.47,773
969,09:30:02,$ 3451.47,5
970,09:30:02,$ 3451.47,1
971,09:30:02,$ 3451.47,1
972,09:30:02,$ 3451.47,1
973,09:30:02,$ 3451.47,2
974,09:30:02,$ 3451.47,9
975,09:30:02,$ 3451.47,3
976,09:30:02,$ 3451.47,4
977,09:30:02,$ 3451.47,3
978,09:30:02,$ 3451.47,1
979,09:30:02,$ 3451.47,2
980,09:30:02,$ 3451.47,2
981,09:30:02,$ 3451.47,3
982,09:30:02,$ 3451.47,3
983,09:30:02,$ 3451.47,1
984,09:30:02,$ 3451.47,1
985,09:30:02,$ 3451.47,2
986,09:30:02,$ 3451.47,1
988,09:30:02,$ 3451.47,20
989,09:30:02,$ 3451.47,10
990,09:30:02,$ 3451.47,3
991,09:30:02,$ 3451.47,1
992,09:30:02,$ 3451.47,10
993,09:30:02,$ 3451.47,4
994,09:30:02,$ 3451.47,4
995,09:30:02,$ 3451.47,63
996,09:30:02,$ 3451.47,1
997,09:30:02,$ 3451.47,1
998,09:30:02,$ 3451.47,1
999,09:30:02,$ 3451.47,2
1000,09:30:02,$ 3451.47,1
1001,09:30:02,$ 3451.47,1
1002,09:30:02,$ 3451.47,1
1003,09:30:02,$ 3451.47,2
1004,09:30:02,$ 3451.47,2
1005,09:30:02,$ 3451.47,1
1006,09:30:02,$ 3451.47,7
1007,09:30:02,$ 3451.47,1
1009,09:30:02,$ 3451.47,1
1010,09:30:02,$ 3451.47,2
1011,09:30:02,$ 3451.47,1
1012,09:30:02,$ 3451.47,40
1013,09:30:02,$ 3451.47,1
1014,09:30:02,$ 3451.47,500
1015,09:30:02,$ 3451.47,2
1016,09:30:02,$ 3451.47,2
1017,09:30:02,$ 3451.47,1
1018,09:30:02,$ 3451.47,29
1019,09:30:02,$ 3451.47,15
1020,09:30:02,$ 3451.47,3
1021,09:30:02,$ 3451.47,21
1022,09:30:02,$ 3451.47,1
1023,09:30:02,$ 3451.47,1
1024,09:30:02,$ 3451.47,5
1025,09:30:02,$ 3451.47,10
1026,09:30:02,$ 3451.47,1
1027,09:30:02,$ 3451.47,6
1028,09:30:02,$ 3451.47,1
1030,09:30:02,$ 3451.47,15
1031,09:30:02,$ 3451.47,1
1032,09:30:02,$ 3451.47,1
1033,09:30:02,$ 3451.47,100
1034,09:30:02,$ 3451.47,45
1035,09:30:02,$ 3451.47,28
1036,09:30:02,$ 3451.47,66
1037,09:30:02,$ 3451.47,25
1038,09:30:02,$ 3451.47,10
1039,09:30:02,$ 3451.47,12
1040,09:30:02,$ 3451.47,2
1041,09:30:02,$ 3451.47,1
1042,09:30:02,$ 3451.47,6
1043,09:30:02,$ 3451.47,3
1044,09:30:02,$ 3451.47,168
1045,09:30:02,$ 3451.47,30
1046,09:30:02,$ 3451.47,462
1047,09:30:02,$ 3451.47,1
1048,09:30:02,$ 3451.47,3
1049,09:30:02,$ 3451.47,5
1051,09:30:02,$ 3451.47,1
1052,09:30:02,$ 3451.47,23
1053,09:30:02,$ 3451.47,30
1054,09:30:02,$ 3451.47,30
1055,09:30:02,$ 3451.47,180
1056,09:30:02,$ 3451.47,2
1057,09:30:02,$ 3451.47,1
1058,09:30:02,$ 3451.47,459
1059,09:30:02,$ 3451.47,2
1060,09:30:02,$ 3451.47,55
1061,09:30:02,$ 3451.47,3
1062,09:30:02,$ 3451.47,1
1063,09:30:02,$ 3451.47,1
1064,09:30:02,$ 3451.47,4
1065,09:30:02,$ 3451.47,6
1066,09:30:02,$ 3451.47,3
1067,09:30:02,$ 3451.47,1
1068,09:30:02,$ 3451.47,1
1069,09:30:02,$ 3451.47,15
1070,09:30:02,$ 3451.47,1
1072,09:30:02,$ 3451.47,1
1073,09:30:02,$ 3451.47,12
1074,09:30:02,$ 3451.47,1
1075,09:30:02,$ 3451.47,4
1076,09:30:02,$ 3451.47,3
1077,09:30:02,$ 3451.47,2
1078,09:30:02,$ 3451.47,1
1079,09:30:02,$ 3451.47,2
1080,09:30:02,$ 3451.47,4
1081,09:30:02,$ 3451.47,1
1082,09:30:02,$ 3451.47,1
1083,09:30:02,$ 3451.47,1
1084,09:30:02,$ 3451.47,1
1085,09:30:02,$ 3451.47,2
1086,09:30:02,$ 3451.47,1
1087,09:30:02,$ 3451.47,1
1088,09:30:02,$ 3451.47,1
1089,09:30:02,$ 3451.47,1
1090,09:30:02,$ 3451.47,1
1091,09:30:02,$ 3451.47,1
1093,09:30:02,$ 3451.47,1
1094,09:30:02,$ 3451.47,1
1095,09:30:02,$ 3451.47,129
1096,09:30:02,$ 3451.47,1
1097,09:30:02,$ 3451.47,1
1098,09:30:02,$ 3451.47,1
1099,09:30:02,$ 3451.47,1
1100,09:30:02,$ 3451.47,1
1101,09:30:02,$ 3451.47,1
1102,09:30:02,$ 3451.47,6
1103,09:30:02,$ 3451.47,1
1104,09:30:02,$ 3451.47,1
1105,09:30:02,$ 3451.47,1
1106,09:30:02,$ 3451.47,1
1107,09:30:02,$ 3451.47,5
1108,09:30:02,$ 3451.47,1
1109,09:30:02,$ 3451.47,10
1110,09:30:02,$ 3451.47,1
1111,09:30:02,$ 3451.47,11
1112,09:30:02,$ 3451.47,1
1114,09:30:02,$ 3451.47,3
1115,09:30:02,$ 3451.47,2
1116,09:30:02,$ 3451.47,1
1117,09:30:02,$ 3451.47,1
1118,09:30:02,$ 3451.47,1
1119,09:30:02,$ 3451.47,3
1120,09:30:02,$ 3451.47,1
1121,09:30:02,$ 3451.47,3
1122,09:30:02,$ 3451.47,9
1123,09:30:02,$ 3451.47,6
1124,09:30:02,$ 3451.47,2
1125,09:30:02,$ 3451.47,3
1126,09:30:02,$ 3451.47,2
1127,09:30:02,$ 3451.47,1
1128,09:30:02,$ 3451.47,1
1129,09:30:02,$ 3451.47,12
1130,09:30:02,$ 3451.47,1
1131,09:30:02,$ 3451.47,1
1132,09:30:02,$ 3451.47,1
1133,09:30:02,$ 3451.47,2
1135,09:30:02,$ 3451.47,4
1136,09:30:02,$ 3451.47,1
1137,09:30:02,$ 3451.47,2
1138,09:30:02,$ 3451.47,2
1139,09:30:02,$ 3451.47,200
1140,09:30:02,$ 3451.47,4
1141,09:30:02,$ 3451.47,3
1142,09:30:02,$ 3451.47,11
1143,09:30:02,$ 3451.47,20
1144,09:30:02,$ 3451.47,13
1145,09:30:02,$ 3451.47,35
1146,09:30:02,$ 3451.47,11
1147,09:30:02,$ 3451.47,110
1148,09:30:02,$ 3451.47,68
1149,09:30:02,$ 3451.47,112
1150,09:30:02,$ 3451.47,4
1151,09:30:02,$ 3451.47,100
1152,09:30:02,$ 3451.47,20
1153,09:30:02,$ 3451.47,2
1154,09:30:02,$ 3451.47,8
1156,09:30:02,$ 3451.47,12
1157,09:30:02,$ 3451.47,2
1158,09:30:02,$ 3451.47,2
1159,09:30:02,$ 3451.47,100
1160,09:30:02,$ 3451.47,10
1161,09:30:02,$ 3451.47,20
1162,09:30:02,$ 3451.47,15
1163,09:30:02,$ 3451.47,177
1164,09:30:02,$ 3451.47,19
1165,09:30:02,$ 3451.47,1
1166,09:30:02,$ 3451.47,384
1167,09:30:02,$ 3451.47,11
1168,09:30:02,$ 3451.47,3
1169,09:30:02,$ 3451.47,26
1170,09:30:02,$ 3451.47,2
1171,09:30:02,$ 3451.47,5
1172,09:30:02,$ 3451.47,9
1173,09:30:02,$ 3451.47,16
1174,09:30:02,$ 3451.47,16
1175,09:30:02,$ 3451.47,3
1177,09:30:02,$ 3451.47,3
1178,09:30:02,$ 3451.47,1
1179,09:30:02,$ 3451.47,73
1180,09:30:02,$ 3451.47,27
1181,09:30:02,$ 3451.47,3
1182,09:30:02,$ 3451.47,1
1183,09:30:02,$ 3451.47,20
1184,09:30:02,$ 3451.47,1
1185,09:30:02,$ 3451.47,2
1186,09:30:02,$ 3451.47,1
1187,09:30:02,$ 3451.47,1
1188,09:30:02,$ 3451.47,4
1189,09:30:02,$ 3451.47,2
1190,09:30:02,$ 3451.47,15
1191,09:30:02,$ 3451.47,254
1192,09:30:02,$ 3451.47,2
1193,09:30:02,$ 3451.47,8
1194,09:30:02,$ 3451.47,"1,411"
1195,09:30:02,$ 3451.47,35
1196,09:30:02,$ 3451.47,2
1198,09:30:02,$ 3451.47,250
1199,09:30:02,$ 3451.47,5
1200,09:30:02,$ 3451.47,2
1201,09:30:02,$ 3451.47,150
1202,09:30:02,$ 3451.47,379
1203,09:30:02,$ 3451.47,1
1204,09:30:02,$ 3451.47,1
1205,09:30:02,$ 3451.47,1
1206,09:30:02,$ 3451.47,5
1207,09:30:02,$ 3451.47,1
1208,09:30:02,$ 3451.47,16
1209,09:30:02,$ 3451.47,11
1210,09:30:02,$ 3451.47,12
1211,09:30:02,$ 3451.47,1
1212,09:30:02,$ 3451.47,29
1213,09:30:02,$ 3451.47,1
1214,09:30:02,$ 3451.47,3
1215,09:30:02,$ 3451.47,3
1216,09:30:02,$ 3451.47,14
1217,09:30:02,$ 3451.47,8
1219,09:30:02,$ 3451.47,1
1220,09:30:02,$ 3451.47,2
1221,09:30:02,$ 3451.47,45
1222,09:30:02,$ 3451.47,1
1223,09:30:02,$ 3451.47,2
1224,09:30:02,$ 3451.47,56
1225,09:30:02,$ 3451.47,1
1226,09:30:02,$ 3451.47,203
1227,09:30:02,$ 3451.47,3
1228,09:30:02,$ 3451.47,20
1229,09:30:02,$ 3451.47,6
1230,09:30:02,$ 3451.47,1
1231,09:30:02,$ 3451.47,35
1232,09:30:02,$ 3451.47,25
1233,09:30:02,$ 3451.47,5
1234,09:30:02,$ 3451.47,3
1235,09:30:02,$ 3451.47,20
1236,09:30:02,$ 3451.47,7
1237,09:30:02,$ 3451.47,2
1238,09:30:02,$ 3451.47,7
1240,09:30:02,$ 3451.47,100
1241,09:30:02,$ 3451.47,1
1242,09:30:02,$ 3451.47,1
1243,09:30:02,$ 3451.47,2
1244,09:30:02,$ 3451.47,1
1245,09:30:02,$ 3451.47,2
1246,09:30:02,$ 3451.47,1
1247,09:30:02,$ 3451.47,1
1248,09:30:02,$ 3451.47,1
1249,09:30:02,$ 3451.47,5
1250,09:30:02,$ 3451.47,2
1251,09:30:02,$ 3451.47,2
1252,09:30:02,$ 3451.47,8
1253,09:30:02,$ 3451.47,25
1254,09:30:02,$ 3451.47,8
1255,09:30:02,$ 3451.47,64
1256,09:30:02,$ 3451.47,1
1257,09:30:02,$ 3451.47,250
1258,09:30:02,$ 3451.47,2
1259,09:30:02,$ 3451.47,2
1261,09:30:02,$ 3451.47,1
1262,09:30:02,$ 3451.47,18
1263,09:30:02,$ 3451.47,11
1264,09:30:02,$ 3451.47,10
1265,09:30:02,$ 3451.47,21
1266,09:30:02,$ 3451.47,99
1267,09:30:02,$ 3451.47,1
1268,09:30:02,$ 3451.47,2
1269,09:30:02,$ 3451.47,1
1270,09:30:02,$ 3451.47,4
1271,09:30:02,$ 3451.47,2
1272,09:30:02,$ 3451.47,3
1273,09:30:02,$ 3451.47,182
1274,09:30:02,$ 3451.47,15
1275,09:30:02,$ 3451.47,1
1276,09:30:02,$ 3451.47,52
1277,09:30:02,$ 3451.47,1
1278,09:30:02,$ 3451.47,5
1279,09:30:02,$ 3451.47,5
1280,09:30:02,$ 3451.47,30
1282,09:30:02,$ 3451.47,2
1283,09:30:02,$ 3451.47,2
1284,09:30:02,$ 3451.47,13
1285,09:30:02,$ 3451.47,2
1286,09:30:02,$ 3451.47,14
1287,09:30:02,$ 3451.47,190
1288,09:30:02,$ 3451.47,17
1289,09:30:02,$ 3451.47,2
1290,09:30:02,$ 3451.47,2
1291,09:30:02,$ 3451.47,3
1292,09:30:02,$ 3451.47,80
1293,09:30:02,$ 3451.47,2
1294,09:30:02,$ 3451.47,2
1295,09:30:02,$ 3451.47,4
1296,09:30:02,$ 3451.47,10
1297,09:30:02,$ 3451.47,2
1298,09:30:02,$ 3451.47,6
1299,09:30:02,$ 3451.47,10
1300,09:30:02,$ 3451.47,1
1301,09:30:02,$ 3451.47,27
1303,09:30:02,$ 3451.47,145
1304,09:30:02,$ 3451.47,204
1305,09:30:02,$ 3451.47,263
1306,09:30:02,$ 3451.47,7
1307,09:30:02,$ 3451.47,2
1308,09:30:02,$ 3451.47,204
1309,09:30:02,$ 3451.47,7
1310,09:30:02,$ 3451.47,3
1311,09:30:02,$ 3451.47,2
1312,09:30:02,$ 3451.47,120
1313,09:30:02,$ 3451.47,292
1314,09:30:02,$ 3451.47,19
1315,09:30:02,$ 3451.47,2
1316,09:30:02,$ 3451.47,30
1317,09:30:02,$ 3451.47,2
1318,09:30:02,$ 3451.47,4
1319,09:30:02,$ 3451.47,1
1320,09:30:02,$ 3451.47,1
1321,09:30:02,$ 3451.47,8
1322,09:30:02,$ 3451.47,2
1324,09:30:02,$ 3451.47,11
1325,09:30:02,$ 3451.47,1
1326,09:30:02,$ 3451.47,5
1327,09:30:02,$ 3451.47,1
1328,09:30:02,$ 3451.47,2
1329,09:30:02,$ 3451.47,6
1330,09:30:02,$ 3451.47,1
1331,09:30:02,$ 3451.47,4
1332,09:30:02,$ 3451.47,3
1333,09:30:02,$ 3451.47,5
1334,09:30:02,$ 3451.47,4
1335,09:30:02,$ 3451.47,93
1336,09:30:02,$ 3451.47,200
1337,09:30:02,$ 3451.47,1
1338,09:30:02,$ 3451.47,1
1339,09:30:02,$ 3451.47,1
1340,09:30:02,$ 3451.47,5
1341,09:30:02,$ 3451.47,5
1342,09:30:02,$ 3451.47,1
1343,09:30:02,$ 3451.47,1
1345,09:30:02,$ 3451.47,36
1346,09:30:02,$ 3451.47,8
1347,09:30:02,$ 3451.47,1
1348,09:30:02,$ 3451.47,5
1349,09:30:02,$ 3451.47,1
1350,09:30:02,$ 3451.47,1
1351,09:30:02,$ 3451.47,5
1352,09:30:02,$ 3451.47,15
1353,09:30:02,$ 3451.47,10
1354,09:30:02,$ 3451.47,1
1355,09:30:02,$ 3451.47,8
1356,09:30:02,$ 3451.47,148
1357,09:30:02,$ 3451.47,1
1358,09:30:02,$ 3451.47,5
1359,09:30:02,$ 3451.47,1
1360,09:30:02,$ 3451.47,9
1361,09:30:02,$ 3451.47,31
1362,09:30:02,$ 3451.47,121
1363,09:30:02,$ 3451.47,1
1364,09:30:02,$ 3451.47,3
1366,09:30:02,$ 3451.47,7
1367,09:30:02,$ 3451.47,10
1368,09:30:02,$ 3451.47,4
1369,09:30:02,$ 3451.47,4
1370,09:30:02,$ 3451.47,44
1371,09:30:02,$ 3451.47,5
1372,09:30:02,$ 3451.47,1
1373,09:30:02,$ 3451.47,1
1374,09:30:02,$ 3451.47,3
1375,09:30:02,$ 3451.47,3
1376,09:30:02,$ 3451.47,1
1377,09:30:02,$ 3451.47,1
1378,09:30:02,$ 3451.47,7
1379,09:30:02,$ 3451.47,10
1380,09:30:02,$ 3451.47,2
1381,09:30:02,$ 3451.47,2
1382,09:30:02,$ 3451.47,5
1383,09:30:02,$ 3451.47,7
1384,09:30:02,$ 3451.47,20
1385,09:30:02,$ 3451.47,1
1387,09:30:02,$ 3451.47,2
1388,09:30:02,$ 3451.47,2
1389,09:30:02,$ 3451.47,1
1390,09:30:02,$ 3451.47,5
1391,09:30:02,$ 3451.47,2
1392,09:30:02,$ 3451.47,15
1393,09:30:02,$ 3451.47,1
1394,09:30:02,$ 3451.47,2
1395,09:30:02,$ 3451.47,1
1396,09:30:02,$ 3451.47,5
1397,09:30:02,$ 3451.47,1
1398,09:30:02,$ 3451.47,2
1399,09:30:02,$ 3451.47,10
1400,09:30:02,$ 3451.47,27
1401,09:30:02,$ 3451.47,1
1402,09:30:02,$ 3451.47,9
1403,09:30:02,$ 3451.47,2
1404,09:30:02,$ 3451.47,1
1405,09:30:02,$ 3451.47,4
1406,09:30:02,$ 3451.47,5
1408,09:30:02,$ 3451.47,5
1409,09:30:02,$ 3451.47,1
1410,09:30:02,$ 3451.47,2
1411,09:30:02,$ 3451.47,1
1412,09:30:02,$ 3451.47,6
1413,09:30:02,$ 3451.47,7
1414,09:30:02,$ 3451.47,2
1415,09:30:02,$ 3451.47,2
1416,09:30:02,$ 3451.47,1
1417,09:30:02,$ 3451.47,2
1418,09:30:02,$ 3451.47,1
1419,09:30:02,$ 3451.47,17
1420,09:30:02,$ 3451.47,2
1421,09:30:02,$ 3451.47,"2,000"
1422,09:30:02,$ 3451.47,4
1423,09:30:02,$ 3451.47,1
1424,09:30:02,$ 3451.47,1
1425,09:30:02,$ 3451.47,5
1426,09:30:02,$ 3451.47,8
1427,09:30:02,$ 3451.47,1
1429,09:30:02,$ 3451.47,4
1430,09:30:02,$ 3451.47,2
1431,09:30:02,$ 3451.47,1
1432,09:30:02,$ 3451.47,1
1433,09:30:02,$ 3451.47,28
1434,09:30:02,$ 3451.47,1
1435,09:30:02,$ 3451.47,8
1436,09:30:02,$ 3451.47,1
1437,09:30:02,$ 3451.47,1
1438,09:30:02,$ 3451.47,2
1439,09:30:02,$ 3451.47,1
1440,09:30:02,$ 3451.47,1
1441,09:30:02,$ 3451.47,1
1442,09:30:02,$ 3451.47,3
1443,09:30:02,$ 3451.47,2
1444,09:30:02,$ 3451.47,157
1445,09:30:02,$ 3451.47,1
1446,09:30:02,$ 3451.47,6
1447,09:30:02,$ 3451.47,7
1448,09:30:02,$ 3451.47,133
1450,09:30:02,$ 3451.47,27
1451,09:30:02,$ 3451.47,14
1452,09:30:02,$ 3451.47,5
1453,09:30:02,$ 3451.47,1
1454,09:30:02,$ 3451.47,8
1455,09:30:02,$ 3451.47,1
1456,09:30:02,$ 3451.47,500
1457,09:30:02,$ 3451.47,1
1458,09:30:02,$ 3451.47,1
1459,09:30:02,$ 3451.47,2
1460,09:30:02,$ 3451.47,3
1461,09:30:02,$ 3451.47,7
1462,09:30:02,$ 3451.47,2
1463,09:30:02,$ 3451.47,6
1464,09:30:02,$ 3451.47,51
1465,09:30:02,$ 3451.47,2
1466,09:30:02,$ 3451.47,3
1467,09:30:02,$ 3451.47,9
1468,09:30:02,$ 3451.47,2
1469,09:30:02,$ 3451.47,68
1471,09:30:02,$ 3451.47,19
1472,09:30:02,$ 3451.47,1
1473,09:30:02,$ 3451.47,4
1474,09:30:02,$ 3451.47,10
1475,09:30:02,$ 3451.47,1
1476,09:30:02,$ 3451.47,1
1477,09:30:02,$ 3451.47,1
1478,09:30:02,$ 3451.47,6
1479,09:30:02,$ 3451.47,2
1480,09:30:02,$ 3451.47,10
1481,09:30:02,$ 3451.47,7
1482,09:30:02,$ 3451.47,18
1483,09:30:02,$ 3451.47,1
1484,09:30:02,$ 3451.47,11
1485,09:30:02,$ 3451.47,2
1486,09:30:02,$ 3451.47,10
1487,09:30:02,$ 3451.47,5
1488,09:30:02,$ 3451.47,1
1489,09:30:02,$ 3451.47,6
1490,09:30:02,$ 3451.47,4
1492,09:30:02,$ 3451.47,30
1493,09:30:02,$ 3451.47,5
1494,09:30:02,$ 3451.47,30
1495,09:30:02,$ 3451.47,1
1496,09:30:02,$ 3451.47,1
1497,09:30:02,$ 3451.47,1
1498,09:30:02,$ 3451.47,30
1499,09:30:02,$ 3451.47,1
1500,09:30:02,$ 3451.47,1
1501,09:30:02,$ 3451.47,12
1502,09:30:02,$ 3451.47,1
1503,09:30:02,$ 3451.47,2
1504,09:30:02,$ 3451.47,5
1505,09:30:02,$ 3451.47,1
1506,09:30:02,$ 3451.47,1
1507,09:30:02,$ 3451.47,2
1508,09:30:02,$ 3451.47,1
1509,09:30:02,$ 3451.47,2
1510,09:30:02,$ 3451.47,2
1511,09:30:02,$ 3451.47,1
1513,09:30:02,$ 3451.47,1
1514,09:30:02,$ 3451.47,1
1515,09:30:02,$ 3451.47,4
1516,09:30:02,$ 3451.47,1
1517,09:30:02,$ 3451.47,5
1518,09:30:02,$ 3451.47,10
1519,09:30:02,$ 3451.47,5
1520,09:30:02,$ 3451.47,1
1521,09:30:02,$ 3451.47,1
1522,09:30:02,$ 3451.47,35
1523,09:30:02,$ 3451.47,1
1524,09:30:02,$ 3451.47,34
1525,09:30:02,$ 3451.47,34
1526,09:30:02,$ 3451.47,1
1527,09:30:02,$ 3451.47,1
1528,09:30:02,$ 3451.47,2
1529,09:30:02,$ 3451.47,1
1530,09:30:02,$ 3451.47,1
1531,09:30:02,$ 3451.47,2
1532,09:30:02,$ 3451.47,6
1534,09:30:02,$ 3451.47,1
1535,09:30:02,$ 3451.47,25
1536,09:30:02,$ 3451.47,100
1537,09:30:02,$ 3451.47,2
1538,09:30:02,$ 3451.47,1
1539,09:30:02,$ 3451.47,1
1540,09:30:02,$ 3451.47,2
1541,09:30:02,$ 3451.47,5
1542,09:30:02,$ 3451.47,10
1543,09:30:02,$ 3451.47,1
1544,09:30:02,$ 3451.47,3
1545,09:30:02,$ 3451.47,3
1546,09:30:02,$ 3451.47,1
1547,09:30:02,$ 3451.47,1
1548,09:30:01,$ 3452.045,100
1549,09:30:01,$ 3451.505,100
1550,09:30:01,$ 3451.44,100
1551,09:30:01,$ 3451.47,20
1552,09:30:01,$ 3451.47,1
1553,09:30:01,$ 3451.64,100
1555,10:29:31,$ 3446.15,100
1556,10:29:26,$ 3444.9027,245
1557,10:29:23,$ 3445.535,100
1558,10:29:05,$ 3445.38,166
1559,10:27:27,$ 3445.00,100
1560,10:27:21,$ 3444.8625,100
1561,10:27:17,$ 3444.10,200
1562,10:27:15,$ 3444.44,100
1563,10:27:15,$ 3444.52,100
1564,10:27:15,$ 3444.85,100
1565,10:27:02,$ 3445.77,100
1566,10:27:02,$ 3445.83,100
1567,10:27:02,$ 3445.82,100
1568,10:26:37,$ 3445.00,800
1569,10:26:37,$ 3445.00,100
1570,10:26:37,$ 3445.00,100
1571,10:26:37,$ 3445.00,100
1572,10:26:04,$ 3446.31,100
1573,10:25:44,$ 3447.10,100
1574,10:25:39,$ 3446.54,100
1576,10:25:31,$ 3447.6245,100
1577,10:25:01,$ 3447.90,100
1578,10:24:57,$ 3448.19,100
1579,10:24:00,$ 3449.31,311
1580,10:23:22,$ 3448.58,100
1581,10:23:22,$ 3448.58,100
1582,10:23:22,$ 3448.43,100
1583,10:22:53,$ 3448.6266,100
1584,10:22:12,$ 3448.335,100
1585,10:21:32,$ 3448.00,417
1586,10:21:32,$ 3448.00,100
1587,10:21:32,$ 3448.00,115
1588,10:21:32,$ 3448.00,238
1589,10:21:32,$ 3448.00,100
1590,10:21:29,$ 3448.1591,100
1591,10:21:21,$ 3448.27,100
1592,10:21:09,$ 3448.835,100
1593,10:21:03,$ 3448.02,265
1594,10:19:52,$ 3449.00,100
1595,10:19:25,$ 3447.348,500
1597,10:19:23,$ 3448.99,200
1598,10:19:21,$ 3448.99,100
1599,10:19:21,$ 3448.42,100
1600,10:19:16,$ 3448.3212,352
1601,10:19:09,$ 3449.09,100
1602,10:19:06,$ 3449.454,150
1603,10:18:44,$ 3449.21,100
1604,10:17:38,$ 3447.28,100
1605,10:17:25,$ 3446.905,500
1606,10:17:04,$ 3447.36,100
1607,10:16:53,$ 3447.28,100
1608,10:16:53,$ 3447.28,100
1609,10:16:53,$ 3447.2538,100
1610,10:16:53,$ 3447.28,100
1611,10:16:53,$ 3447.28,100
1612,10:16:53,$ 3447.28,100
1613,10:16:53,$ 3447.63,200
1614,10:16:53,$ 3448.00,179
1615,10:16:51,$ 3449.05,100
1616,10:16:51,$ 3449.09,100
1618,10:16:47,$ 3449.30,100
1619,10:16:38,$ 3449.62,100
1620,10:16:26,$ 3450.135,100
1621,10:16:22,$ 3450.12,152
1622,10:16:22,$ 3449.43,100
1623,10:16:19,$ 3449.89,100
1624,10:16:12,$ 3451.00,200
1625,10:16:02,$ 3450.00,100
1626,10:15:57,$ 3450.15,100
1627,10:15:56,$ 3450.14,100
1628,10:15:55,$ 3450.00,264
1629,10:15:55,$ 3450.00,100
1630,10:15:55,$ 3450.00,100
1631,10:15:55,$ 3450.00,207
1632,10:15:55,$ 3450.00,100
1633,10:15:55,$ 3450.00,110
1634,10:15:50,$ 3450.00,100
1635,10:15:28,$ 3451.00,100
1636,10:15:20,$ 3450.30,100
1637,10:15:20,$ 3450.35,100
1639,10:15:18,$ 3451.5912,300
1640,10:15:16,$ 3450.88,100
1641,10:15:16,$ 3450.85,100
1642,10:15:16,$ 3450.88,486
1643,10:15:16,$ 3450.88,296
1644,10:14:51,$ 3450.415,100
1645,10:14:50,$ 3450.93,100
1646,10:14:48,$ 3450.00,137
1647,10:14:48,$ 3450.00,351
1648,10:14:47,$ 3449.82,100
1649,10:14:45,$ 3449.49,100
1650,10:14:43,$ 3449.98,100
1651,10:14:43,$ 3449.98,100
1652,10:14:43,$ 3450.00,200
1653,10:14:43,$ 3450.00,100
1654,10:14:43,$ 3450.00,197
1655,10:14:39,$ 3449.99,300
1656,10:14:38,$ 3449.85,100
1657,10:14:38,$ 3449.54,100
1658,10:14:36,$ 3449.17,100
1660,10:14:26,$ 3448.965,100
1661,10:14:23,$ 3448.925,100
1662,10:14:19,$ 3448.875,100
1663,10:14:16,$ 3448.865,127
1664,10:14:10,$ 3449.54,200
1665,10:14:00,$ 3448.15,100
1666,10:14:00,$ 3448.15,100
1667,10:13:51,$ 3448.49,100
1668,10:13:50,$ 3448.13,100
1669,10:13:50,$ 3448.335,100
1670,10:13:50,$ 3448.305,100
1671,10:13:50,$ 3448.50,100
1672,10:13:50,$ 3448.00,200
1673,10:13:44,$ 3448.0999,285
1674,10:13:44,$ 3447.97,100
1675,10:13:32,$ 3447.41,199
1676,10:13:32,$ 3447.49,200
1677,10:13:24,$ 3447.92,100
1678,10:13:23,$ 3447.03,100
1679,10:13:23,$ 3447.18,100
1681,10:13:07,$ 3447.98,100
1682,10:13:07,$ 3447.54,100
1683,10:12:54,$ 3445.37,100
1684,10:12:54,$ 3445.37,100
1685,10:12:38,$ 3445.94,100
1686,10:12:31,$ 3445.6093,100
1687,10:12:28,$ 3446.00,100
1688,10:11:42,$ 3443.6121,150
1689,10:11:40,$ 3443.5901,100
1690,10:11:34,$ 3445.94,100
1691,10:10:45,$ 3445.95,100
1692,10:10:41,$ 3445.1075,100
1693,10:10:41,$ 3444.995,100
1694,10:10:41,$ 3445.01,100
1695,10:10:41,$ 3445.195,100
1696,10:10:41,$ 3445.195,100
1697,10:10:41,$ 3445.195,100
1698,10:10:41,$ 3445.195,100
1699,10:10:41,$ 3444.7825,100
1700,10:10:41,$ 3444.99,100
1702,10:10:41,$ 3444.99,100
1703,10:10:41,$ 3444.995,100
1704,10:10:41,$ 3444.995,100
1705,10:10:41,$ 3444.995,100
1706,10:10:41,$ 3444.48,100
1707,10:10:41,$ 3444.995,100
1708,10:10:41,$ 3444.99,100
1709,10:10:41,$ 3444.53,100
1710,10:10:37,$ 3445.50,100
1711,10:10:37,$ 3445.205,100
1712,10:10:37,$ 3445.215,100
1713,10:10:37,$ 3445.215,100
1714,10:10:37,$ 3445.215,100
1715,10:10:37,$ 3444.89,100
1716,10:10:37,$ 3444.87,100
1717,10:10:37,$ 3445.445,100
1718,10:10:37,$ 3445.50,100
1719,10:10:37,$ 3445.50,100
1720,10:10:37,$ 3445.55,100
1721,10:10:37,$ 3445.52,100
1723,10:10:37,$ 3445.50,100
1724,10:10:36,$ 3445.44,100
1725,10:10:35,$ 3446.70,100
1726,10:10:35,$ 3446.66,100
1727,10:10:35,$ 3446.50,100
1728,10:10:35,$ 3446.49,100
1729,10:10:18,$ 3445.742,119
1730,10:09:50,$ 3445.88,100
1731,10:09:38,$ 3445.44,100
1732,10:09:15,$ 3445.30,100
1733,10:08:44,$ 3445.44,100
1734,10:08:38,$ 3444.795,100
1735,10:07:57,$ 3445.7177,286
1736,10:07:54,$ 3444.842,100
1737,10:07:54,$ 3444.50,100
1738,10:07:52,$ 3445.54,100
1739,10:07:52,$ 3445.55,100
1740,10:07:46,$ 3445.4958,277
1741,10:07:36,$ 3445.28,100
1742,10:07:30,$ 3444.8979,100
1744,10:07:25,$ 3444.90,100
1745,10:06:49,$ 3444.58,105
1746,10:06:37,$ 3444.31,102
1747,10:06:37,$ 3444.31,100
1748,10:06:37,$ 3444.31,111
1749,10:06:34,$ 3443.5943,100
1750,10:06:31,$ 3444.10,100
1751,10:06:30,$ 3444.2785,277
1752,10:06:30,$ 3444.2785,117
1753,10:06:02,$ 3444.9739,150
1754,10:05:51,$ 3443.855,100
1755,10:05:51,$ 3443.5013,300
1756,10:05:51,$ 3443.61,100
1757,10:05:51,$ 3443.76,100
1758,10:05:50,$ 3443.6312,601
1759,10:05:42,$ 3445.0999,700
1760,10:05:42,$ 3445.0999,300
1761,10:05:41,$ 3443.67,100
1762,10:05:38,$ 3444.37,100
1763,10:05:38,$ 3444.3092,"1,200"
1765,10:05:37,$ 3443.66,100
1766,10:05:37,$ 3443.50,100
1767,10:05:29,$ 3443.5275,100
1768,10:05:27,$ 3443.659,130
1769,10:05:16,$ 3442.82,100
1770,10:05:11,$ 3443.4746,125
1771,10:04:39,$ 3442.1644,800
1772,10:04:34,$ 3442.63,100
1773,10:04:14,$ 3443.471,500
1774,10:03:58,$ 3442.2201,100
1775,10:03:45,$ 3443.21,100
1776,10:03:36,$ 3442.99,100
1777,10:03:36,$ 3442.99,100
1778,10:03:34,$ 3443.15,100
1779,10:03:34,$ 3442.97,100
1780,10:03:33,$ 3443.15,100
1781,10:03:31,$ 3443.6175,100
1782,10:03:23,$ 3443.875,100
1783,10:03:17,$ 3444.00,100
1784,10:03:16,$ 3443.05,100
1786,10:03:13,$ 3442.88,200
1787,10:03:11,$ 3444.035,100
1788,10:03:07,$ 3443.5175,100
1789,10:03:07,$ 3443.2525,100
1790,10:03:05,$ 3442.36,100
1791,10:02:59,$ 3442.491,160
1792,10:02:59,$ 3443.46,100
1793,10:02:59,$ 3443.32,100
1794,10:02:57,$ 3443.51,100
1795,10:02:55,$ 3443.84,100
1796,10:02:35,$ 3443.85,100
1797,10:02:35,$ 3443.84,100
1798,10:02:34,$ 3444.78,100
1799,10:02:32,$ 3446.5599,"1,700"
1800,10:02:31,$ 3444.43,100
1801,10:02:29,$ 3443.89,"1,000"
1802,10:02:27,$ 3444.09,100
1803,10:02:25,$ 3444.535,100
1804,10:02:25,$ 3444.605,100
1805,10:02:24,$ 3445.07,100
1807,10:02:22,$ 3445.04,100
1808,10:02:21,$ 3445.78,100
1809,10:02:20,$ 3445.815,100
1810,10:01:56,$ 3445.08,100
1811,10:01:56,$ 3445.03,100
1812,10:01:52,$ 3446.0502,260
1813,10:01:35,$ 3445.82,100
1814,10:01:34,$ 3445.91,100
1815,10:01:34,$ 3445.12,100
1816,10:01:29,$ 3447.075,100
1817,10:01:28,$ 3447.09,100
1818,10:01:26,$ 3446.045,100
1819,10:01:24,$ 3446.0775,100
1820,10:01:23,$ 3447.27,100
1821,10:01:23,$ 3447.045,100
1822,10:01:23,$ 3446.59,100
1823,10:01:23,$ 3446.59,100
1824,10:01:18,$ 3445.815,100
1825,10:01:14,$ 3445.815,100
1826,10:01:14,$ 3446.32,229
1828,10:01:10,$ 3445.805,100
1829,10:01:07,$ 3446.76,100
1830,10:01:07,$ 3446.82,100
1831,10:01:07,$ 3446.35,100
1832,10:00:42,$ 3446.24,100
1833,10:00:41,$ 3446.505,100
1834,10:00:18,$ 3446.35,100
1835,10:00:18,$ 3446.35,100
1836,10:00:18,$ 3446.35,100
1837,10:00:03,$ 3445.57,100
1839,10:59:36,$ 3439.05,100
1840,10:59:27,$ 3439.47,100
1841,10:59:11,$ 3439.20,100
1842,10:59:11,$ 3439.20,100
1843,10:59:11,$ 3439.17,100
1844,10:58:53,$ 3439.15,100
1845,10:58:52,$ 3439.8499,100
1846,10:58:31,$ 3438.96,100
1847,10:57:57,$ 3439.965,100
1848,10:57:47,$ 3439.5962,100
1849,10:57:41,$ 3439.74,189
1850,10:57:28,$ 3439.975,100
1851,10:57:19,$ 3440.21,100
1852,10:57:11,$ 3441.1159,100
1853,10:57:06,$ 3440.285,100
1854,10:57:06,$ 3441.00,105
1855,10:56:23,$ 3441.11,100
1856,10:56:23,$ 3441.11,100
1857,10:56:23,$ 3441.11,100
1858,10:56:23,$ 3441.10,100
1860,10:56:23,$ 3441.11,100
1861,10:56:23,$ 3440.92,100
1862,10:56:00,$ 3440.73,100
1863,10:55:58,$ 3441.155,400
1864,10:55:43,$ 3440.40,100
1865,10:55:29,$ 3440.40,100
1866,10:55:15,$ 3440.085,100
1867,10:55:07,$ 3440.16,100
1868,10:55:02,$ 3440.00,832
1869,10:54:47,$ 3441.37,100
1870,10:54:19,$ 3440.74,129
1871,10:54:18,$ 3440.785,200
1872,10:53:32,$ 3441.07,100
1873,10:51:52,$ 3441.68,186
1874,10:51:41,$ 3441.72,100
1875,10:51:10,$ 3441.83,100
1876,10:50:42,$ 3442.01,100
1877,10:50:36,$ 3442.19,159
1878,10:50:16,$ 3443.64,100
1879,10:50:09,$ 3443.28,100
1881,10:50:02,$ 3443.37,100
1882,10:50:01,$ 3443.94,100
1883,10:50:00,$ 3443.57,100
1884,10:50:00,$ 3444.08,100
1885,10:50:00,$ 3444.20,100
1886,10:50:00,$ 3444.09,100
1887,10:50:00,$ 3444.13,100
1888,10:49:53,$ 3444.06,200
1889,10:49:53,$ 3444.06,100
1890,10:49:53,$ 3444.055,100
1891,10:49:39,$ 3443.1956,259
1892,10:48:40,$ 3443.24,100
1893,10:48:40,$ 3443.06,710
1894,10:48:30,$ 3442.5688,270
1895,10:48:15,$ 3443.01,100
1896,10:48:14,$ 3443.06,182
1897,10:48:08,$ 3442.99,100
1898,10:48:08,$ 3443.44,100
1899,10:48:08,$ 3443.44,100
1900,10:48:08,$ 3443.255,100
1902,10:48:08,$ 3443.445,100
1903,10:47:53,$ 3443.53,100
1904,10:47:41,$ 3443.205,100
1905,10:47:39,$ 3443.557,121
1906,10:47:37,$ 3443.31,100
1907,10:47:36,$ 3443.50,100
1908,10:47:36,$ 3443.49,100
1909,10:47:36,$ 3442.98,100
1910,10:47:36,$ 3443.645,100
1911,10:47:36,$ 3443.29,100
1912,10:47:26,$ 3443.9999,100
1913,10:47:14,$ 3443.50,100
1914,10:47:11,$ 3442.90,100
1915,10:47:11,$ 3442.90,100
1916,10:47:07,$ 3443.005,100
1917,10:47:07,$ 3443.00,100
1918,10:47:06,$ 3443.28,100
1919,10:47:06,$ 3442.63,239
1920,10:46:57,$ 3442.98,100
1921,10:46:57,$ 3443.24,100
1923,10:46:56,$ 3442.61,100
1924,10:46:53,$ 3441.45,100
1925,10:46:42,$ 3441.91,100
1926,10:46:41,$ 3441.115,100
1927,10:46:41,$ 3441.115,200
1928,10:46:41,$ 3441.23,100
1929,10:46:15,$ 3441.125,134
1930,10:46:08,$ 3441.055,190
1931,10:46:08,$ 3440.5419,360
1932,10:45:47,$ 3442.00,100
1933,10:45:36,$ 3440.6059,113
1934,10:45:02,$ 3439.875,100
1935,10:44:58,$ 3439.745,100
1936,10:44:57,$ 3439.47,100
1937,10:44:57,$ 3439.47,100
1938,10:44:50,$ 3439.60,100
1939,10:44:30,$ 3438.21,100
1940,10:44:27,$ 3438.25,100
1941,10:44:21,$ 3437.88,100
1942,10:44:14,$ 3438.7242,100
1944,10:43:54,$ 3438.00,100
1945,10:43:54,$ 3438.00,651
1946,10:43:43,$ 3438.0001,100
1947,10:43:41,$ 3438.0001,344
1948,10:42:55,$ 3439.00,100
1949,10:42:47,$ 3438.99,100
1950,10:42:47,$ 3438.89,100
1951,10:42:47,$ 3438.98,100
1952,10:42:29,$ 3438.70,100
1953,10:42:29,$ 3438.70,100
1954,10:42:29,$ 3439.35,250
1955,10:41:54,$ 3439.35,100
1956,10:41:54,$ 3439.394,100
1957,10:41:54,$ 3439.414,100
1958,10:41:54,$ 3439.351,100
1959,10:41:54,$ 3439.40,100
1960,10:41:52,$ 3439.3245,137
1961,10:41:37,$ 3439.6464,100
1962,10:41:22,$ 3440.00,114
1963,10:41:06,$ 3440.37,100
1965,10:40:55,$ 3441.3385,100
1966,10:39:08,$ 3442.84,100
1967,10:39:01,$ 3442.84,100
1968,10:38:52,$ 3442.84,100
1969,10:38:37,$ 3442.925,100
1970,10:38:31,$ 3442.84,100
1971,10:38:31,$ 3442.84,100
1972,10:38:25,$ 3444.00,100
1973,10:37:43,$ 3443.22,200
1974,10:37:24,$ 3443.35,200
1975,10:37:24,$ 3443.7878,800
1976,10:36:58,$ 3443.31,100
1977,10:36:51,$ 3442.01,150
1978,10:35:25,$ 3440.63,200
1979,10:35:25,$ 3441.86,172
1980,10:35:25,$ 3441.86,100
1981,10:35:25,$ 3441.86,122
1982,10:35:01,$ 3441.98,100
1983,10:35:01,$ 3441.58,122
1984,10:34:56,$ 3442.14,200
1986,10:34:25,$ 3441.2701,100
1987,10:34:20,$ 3442.25,100
1988,10:34:14,$ 3441.37,104
1989,10:33:31,$ 3441.075,500
1990,10:33:23,$ 3441.09,200
1991,10:33:23,$ 3442.72,700
1992,10:33:21,$ 3441.13,293
1993,10:33:21,$ 3441.13,232
1994,10:33:21,$ 3441.13,305
1995,10:33:18,$ 3440.63,100
1996,10:33:18,$ 3440.705,100
1997,10:33:14,$ 3441.1199,341
1998,10:33:09,$ 3439.84,100
1999,10:33:09,$ 3439.84,100
2000,10:33:06,$ 3440.16,100
2001,10:32:46,$ 3438.847,100
2002,10:32:34,$ 3439.71,100
2003,10:32:34,$ 3439.50,100
2004,10:32:09,$ 3438.81,100
2005,10:32:09,$ 3438.63,150
2007,10:32:08,$ 3439.06,100
2008,10:31:59,$ 3438.85,100
2009,10:31:54,$ 3439.00,900
2010,10:31:54,$ 3439.01,100
2011,10:31:54,$ 3439.00,100
2012,10:31:54,$ 3439.12,100
2013,10:31:50,$ 3439.1072,450
2014,10:31:48,$ 3439.31,100
2015,10:31:48,$ 3439.33,100
2016,10:31:47,$ 3440.31,100
2017,10:31:47,$ 3440.75,100
2018,10:31:38,$ 3441.19,100
2019,10:31:37,$ 3441.00,131
2020,10:31:37,$ 3441.00,141
2021,10:31:37,$ 3441.00,100
2022,10:31:37,$ 3441.14,100
2023,10:31:17,$ 3441.47,200
2024,10:31:17,$ 3441.56,100
2025,10:31:17,$ 3441.67,100
2026,10:31:14,$ 3441.59,100
2028,10:31:14,$ 3441.60,100
2029,10:31:12,$ 3441.48,447
2030,10:31:12,$ 3441.67,100
2031,10:31:12,$ 3442.59,100
2032,10:31:12,$ 3441.70,100
2033,10:31:12,$ 3442.59,100
2034,10:31:12,$ 3442.60,100
2035,10:31:12,$ 3442.57,100
2036,10:31:12,$ 3442.5705,100
2037,10:31:12,$ 3442.79,100
2038,10:30:59,$ 3442.03,100
2039,10:30:46,$ 3442.22,100
2040,10:30:37,$ 3442.66,100
2041,10:30:36,$ 3442.848,100
2042,10:30:32,$ 3443.4956,196
2043,10:30:17,$ 3443.04,100
2044,10:30:15,$ 3443.00,100
2045,10:30:01,$ 3443.24,100
2046,10:30:01,$ 3443.51,100
2048,11:29:57,$ 3441.49,277
2049,11:29:31,$ 3441.84,100
2050,11:28:30,$ 3443.00,115
2051,11:28:30,$ 3443.00,266
2052,11:28:30,$ 3443.00,319
2053,11:28:30,$ 3443.00,100
2054,11:28:15,$ 3443.2566,100
2055,11:28:12,$ 3442.915,100
2056,11:28:01,$ 3442.86,198
2057,11:28:00,$ 3442.85,141
2058,11:26:39,$ 3441.0901,161
2059,11:25:37,$ 3442.7627,100
2060,11:25:00,$ 3442.17,100
2061,11:24:05,$ 3442.19,100
2062,11:24:02,$ 3442.20,100
2063,11:23:58,$ 3442.50,100
2064,11:23:58,$ 3442.45,100
2065,11:23:42,$ 3441.54,100
2066,11:22:51,$ 3442.3748,100
2067,11:22:45,$ 3442.748,189
2069,11:22:07,$ 3442.01,100
2070,11:22:07,$ 3442.00,104
2071,11:21:45,$ 3443.10,150
2072,11:21:09,$ 3443.135,100
2073,11:21:03,$ 3443.51,100
2074,11:21:03,$ 3443.57,100
2075,11:21:01,$ 3442.71,100
2076,11:20:40,$ 3443.30,144
2077,11:20:28,$ 3444.00,100
2078,11:20:28,$ 3444.00,100
2079,11:20:28,$ 3444.30,100
2080,11:19:56,$ 3444.38,200
2081,11:18:38,$ 3445.45,250
2082,11:18:06,$ 3445.45,100
2083,11:18:05,$ 3444.6601,200
2084,11:17:55,$ 3444.88,100
2085,11:17:13,$ 3444.76,100
2086,11:17:02,$ 3444.54,100
2087,11:17:02,$ 3444.78,100
2088,11:17:01,$ 3444.50,100
2090,11:16:08,$ 3444.25,100
2091,11:16:08,$ 3444.29,100
2092,11:16:07,$ 3444.49,100
2093,11:16:07,$ 3444.05,150
2094,11:16:07,$ 3444.00,170
2095,11:16:07,$ 3443.99,100
2096,11:16:07,$ 3444.00,100
2097,11:16:07,$ 3443.51,100
2098,11:16:04,$ 3443.99,100
2099,11:16:04,$ 3443.99,500
2100,11:15:47,$ 3444.00,100
2101,11:15:47,$ 3443.94,100
2102,11:15:16,$ 3442.30,100
2103,11:15:09,$ 3442.805,500
2104,11:15:04,$ 3441.08,110
2105,11:15:00,$ 3441.94,100
2106,11:13:59,$ 3442.21,100
2107,11:13:11,$ 3442.70,100
2108,11:13:08,$ 3441.67,100
2109,11:13:08,$ 3441.21,100
2111,11:13:08,$ 3441.00,200
2112,11:13:07,$ 3441.66,100
2113,11:13:07,$ 3442.00,237
2114,11:12:09,$ 3441.7601,100
2115,11:11:56,$ 3442.32,100
2116,11:11:32,$ 3443.64,100
2117,11:11:32,$ 3443.11,100
2118,11:11:32,$ 3443.16,100
2119,11:11:14,$ 3443.11,300
2120,11:10:21,$ 3443.7585,100
2121,11:10:17,$ 3443.41,100
2122,11:10:16,$ 3443.50,450
2123,11:10:16,$ 3443.49,100
2124,11:10:15,$ 3443.00,260
2125,11:10:09,$ 3442.715,100
2126,11:09:49,$ 3442.385,100
2127,11:08:15,$ 3442.33,100
2128,11:08:11,$ 3442.99,100
2129,11:08:07,$ 3442.33,143
2130,11:07:46,$ 3442.34,100
2132,11:07:46,$ 3442.35,100
2133,11:07:46,$ 3442.20,100
2134,11:07:46,$ 3442.69,398
2135,11:07:45,$ 3442.45,100
2136,11:07:21,$ 3442.91,100
2137,11:06:29,$ 3441.50,109
2138,11:06:29,$ 3441.50,115
2139,11:05:51,$ 3441.3131,100
2140,11:05:48,$ 3440.845,100
2141,11:05:20,$ 3441.00,100
2142,11:05:20,$ 3441.25,106
2143,11:03:43,$ 3441.98,100
2144,11:02:55,$ 3442.655,100
2145,11:02:55,$ 3442.50,200
2146,11:01:50,$ 3441.4502,100
2147,11:01:49,$ 3443.4999,100
2148,11:01:30,$ 3441.86,100
2149,11:00:26,$ 3440.00,871
2150,11:00:15,$ 3439.15,100
2151,11:00:15,$ 3438.75,128
2153,11:59:55,$ 3456.00,100
2154,11:59:55,$ 3455.96,100
2155,11:59:55,$ 3455.60,600
2156,11:59:55,$ 3455.96,100
2157,11:59:55,$ 3455.96,208
2158,11:59:55,$ 3455.56,100
2159,11:59:50,$ 3454.92,100
2160,11:59:50,$ 3454.92,100
2161,11:59:50,$ 3455.00,700
2162,11:59:50,$ 3455.00,450
2163,11:59:45,$ 3454.91,100
2164,11:59:38,$ 3454.555,200
2165,11:59:38,$ 3454.81,100
2166,11:59:38,$ 3454.82,300
2167,11:59:35,$ 3454.9007,106
2168,11:59:35,$ 3454.9007,241
2169,11:59:29,$ 3454.65,100
2170,11:59:29,$ 3454.65,100
2171,11:59:27,$ 3454.65,100
2172,11:59:02,$ 3453.85,100
2174,11:59:02,$ 3453.80,100
2175,11:58:31,$ 3454.40,100
2176,11:58:30,$ 3454.40,100
2177,11:58:30,$ 3454.40,100
2178,11:58:30,$ 3454.40,100
2179,11:58:30,$ 3454.28,100
2180,11:58:26,$ 3454.28,100
2181,11:58:14,$ 3453.70,100
2182,11:58:03,$ 3453.66,100
2183,11:58:01,$ 3453.325,145
2184,11:57:51,$ 3453.67,100
2185,11:57:41,$ 3453.72,100
2186,11:57:31,$ 3452.8586,200
2187,11:57:31,$ 3453.1137,250
2188,11:57:28,$ 3453.75,100
2189,11:57:19,$ 3453.76,100
2190,11:57:05,$ 3452.83,100
2191,11:57:05,$ 3453.00,950
2192,11:57:05,$ 3452.51,100
2193,11:57:05,$ 3453.24,100
2195,11:56:54,$ 3453.85,200
2196,11:56:53,$ 3453.85,500
2197,11:56:32,$ 3454.61,100
2198,11:56:23,$ 3453.54,100
2199,11:56:23,$ 3453.356,100
2200,11:56:23,$ 3453.54,100
2201,11:56:23,$ 3454.0001,100
2202,11:56:23,$ 3454.00,100
2203,11:56:23,$ 3454.41,100
2204,11:56:22,$ 3453.8215,289
2205,11:56:22,$ 3454.3925,100
2206,11:56:21,$ 3454.20,100
2207,11:56:21,$ 3454.04,100
2208,11:56:21,$ 3454.20,100
2209,11:56:19,$ 3454.60,100
2210,11:56:12,$ 3454.545,100
2211,11:56:09,$ 3454.6545,100
2212,11:56:06,$ 3454.75,100
2213,11:56:04,$ 3454.275,100
2214,11:55:51,$ 3454.31,100
2216,11:55:50,$ 3454.00,100
2217,11:55:50,$ 3453.96,100
2218,11:55:44,$ 3454.23,100
2219,11:55:44,$ 3453.94,100
2220,11:55:43,$ 3453.8929,193
2221,11:55:42,$ 3453.9399,100
2222,11:55:37,$ 3453.78,150
2223,11:55:30,$ 3453.786,100
2224,11:55:30,$ 3454.024,200
2225,11:55:30,$ 3454.00,427
2226,11:55:24,$ 3453.7394,"1,104"
2227,11:55:24,$ 3453.55,271
2228,11:55:24,$ 3453.55,100
2229,11:55:24,$ 3453.49,224
2230,11:55:24,$ 3453.49,100
2231,11:55:19,$ 3453.60,100
2232,11:55:19,$ 3453.61,100
2233,11:55:13,$ 3453.32,100
2234,11:55:12,$ 3453.33,100
2235,11:55:12,$ 3453.32,100
2237,11:55:06,$ 3453.19,100
2238,11:54:56,$ 3453.21,100
2239,11:54:56,$ 3453.21,100
2240,11:54:56,$ 3453.21,200
2241,11:54:56,$ 3452.9699,100
2242,11:54:56,$ 3452.97,100
2243,11:54:56,$ 3453.00,100
2244,11:54:56,$ 3452.865,100
2245,11:54:54,$ 3452.474,100
2246,11:54:53,$ 3452.00,"1,800"
2247,11:54:53,$ 3451.99,100
2248,11:54:53,$ 3452.00,124
2249,11:54:53,$ 3452.00,100
2250,11:54:52,$ 3451.655,200
2251,11:54:48,$ 3451.93,210
2252,11:54:48,$ 3451.93,790
2253,11:54:39,$ 3451.15,111
2254,11:54:34,$ 3451.10,100
2255,11:54:22,$ 3451.04,100
2256,11:54:21,$ 3450.97,100
2258,11:54:21,$ 3451.00,100
2259,11:54:20,$ 3451.00,100
2260,11:54:20,$ 3451.00,100
2261,11:54:19,$ 3450.98,200
2262,11:54:19,$ 3450.97,100
2263,11:54:19,$ 3450.99,100
2264,11:54:06,$ 3450.68,100
2265,11:54:04,$ 3450.74,100
2266,11:54:02,$ 3450.55,100
2267,11:53:50,$ 3450.47,100
2268,11:53:46,$ 3450.08,100
2269,11:53:41,$ 3450.49,100
2270,11:53:40,$ 3450.00,114
2271,11:53:40,$ 3450.00,100
2272,11:53:40,$ 3450.00,200
2273,11:53:34,$ 3449.88,100
2274,11:53:31,$ 3449.64,100
2275,11:52:58,$ 3449.63,100
2276,11:52:25,$ 3449.47,100
2277,11:51:02,$ 3449.00,100
2279,11:50:48,$ 3449.27,100
2280,11:50:16,$ 3449.07,100
2281,11:50:03,$ 3449.19,100
2282,11:48:35,$ 3448.3699,139
2283,11:48:07,$ 3448.22,100
2284,11:47:38,$ 3448.6747,150
2285,11:46:18,$ 3449.99,100
2286,11:46:07,$ 3449.575,100
2287,11:46:06,$ 3449.4825,100
2288,11:46:06,$ 3449.07,100
2289,11:46:06,$ 3449.35,100
2290,11:46:06,$ 3449.05,100
2291,11:46:06,$ 3449.19,100
2292,11:46:06,$ 3449.58,100
2293,11:46:01,$ 3449.88,100
2294,11:45:57,$ 3449.27,100
2295,11:45:56,$ 3448.99,100
2296,11:45:56,$ 3449.00,908
2297,11:45:56,$ 3448.82,100
2298,11:45:52,$ 3448.96,100
2300,11:45:50,$ 3448.93,100
2301,11:45:50,$ 3448.93,100
2302,11:45:50,$ 3448.96,100
2303,11:45:50,$ 3448.75,100
2304,11:45:50,$ 3448.74,115
2305,11:45:46,$ 3448.79,100
2306,11:45:45,$ 3448.7245,107
2307,11:45:45,$ 3448.7899,100
2308,11:45:42,$ 3448.49,200
2309,11:45:41,$ 3448.74,100
2310,11:45:40,$ 3448.295,100
2311,11:45:38,$ 3448.13,250
2312,11:45:33,$ 3448.46,100
2313,11:45:33,$ 3448.12,100
2314,11:45:33,$ 3448.79,100
2315,11:45:33,$ 3448.46,100
2316,11:45:33,$ 3448.46,200
2317,11:45:22,$ 3448.21,100
2318,11:45:19,$ 3448.61,335
2319,11:45:16,$ 3447.3001,"1,000"
2321,11:45:10,$ 3448.00,100
2322,11:45:10,$ 3448.00,391
2323,11:45:10,$ 3448.00,508
2324,11:44:47,$ 3447.24,100
2325,11:44:47,$ 3447.27,100
2326,11:44:47,$ 3447.19,100
2327,11:44:44,$ 3447.245,100
2328,11:44:44,$ 3447.00,100
2329,11:44:44,$ 3446.98,100
2330,11:44:44,$ 3447.01,100
2331,11:44:33,$ 3446.982,202
2332,11:44:32,$ 3447.185,100
2333,11:44:22,$ 3446.93,100
2334,11:44:20,$ 3446.3601,251
2335,11:44:12,$ 3446.37,100
2336,11:44:04,$ 3445.549,200
2337,11:43:38,$ 3446.00,100
2338,11:43:22,$ 3445.66,100
2339,11:42:01,$ 3447.00,131
2340,11:42:01,$ 3447.00,100
2342,11:41:43,$ 3447.00,450
2343,11:41:38,$ 3446.36,100
2344,11:41:38,$ 3446.22,100
2345,11:41:38,$ 3446.35,100
2346,11:41:36,$ 3446.37,100
2347,11:41:13,$ 3446.49,115
2348,11:41:13,$ 3446.49,117
2349,11:41:13,$ 3446.49,106
2350,11:40:53,$ 3446.8799,100
2351,11:40:40,$ 3446.2505,450
2352,11:40:39,$ 3446.3225,100
2353,11:40:27,$ 3445.96,100
2354,11:40:12,$ 3446.36,100
2355,11:40:12,$ 3446.36,100
2356,11:39:32,$ 3445.2768,313
2357,11:39:10,$ 3446.185,100
2358,11:39:10,$ 3446.175,100
2359,11:38:50,$ 3445.6877,250
2360,11:38:46,$ 3445.00,500
2361,11:38:46,$ 3445.67,117
2363,11:38:29,$ 3446.00,400
2364,11:38:22,$ 3445.38,100
2365,11:38:22,$ 3445.62,100
2366,11:38:00,$ 3445.00,159
2367,11:38:00,$ 3445.00,100
2368,11:38:00,$ 3445.00,100
2369,11:38:00,$ 3445.15,100
2370,11:37:40,$ 3444.256,100
2371,11:37:39,$ 3444.07,100
2372,11:36:21,$ 3443.44,100
2373,11:36:01,$ 3443.40,100
2374,11:36:01,$ 3443.39,100
2375,11:35:25,$ 3443.59,100
2376,11:34:39,$ 3442.97,100
2377,11:32:51,$ 3442.7125,400
2378,11:32:40,$ 3443.5411,100
2379,11:32:23,$ 3442.08,100
2380,11:32:23,$ 3442.23,100
2381,11:32:23,$ 3442.60,100
2382,11:32:23,$ 3442.40,100
2384,11:32:11,$ 3443.25,100
2385,11:31:20,$ 3442.67,100
2386,11:31:15,$ 3442.52,200
2387,11:31:13,$ 3442.52,100
2389,12:29:10,$ 3467.2399,500
2390,12:29:09,$ 3466.20,226
2391,12:29:09,$ 3466.20,129
2392,12:29:07,$ 3466.19,100
2393,12:29:07,$ 3466.20,182
2394,12:29:06,$ 3465.95,100
2395,12:29:06,$ 3465.96,100
2396,12:29:06,$ 3465.4401,100
2397,12:29:04,$ 3466.09,100
2398,12:29:04,$ 3466.09,100
2399,12:29:04,$ 3466.089,100
2400,12:29:04,$ 3466.089,100
2401,12:29:01,$ 3465.9599,410
2402,12:28:56,$ 3464.43,107
2403,12:28:56,$ 3465.09,100
2404,12:28:56,$ 3465.15,100
2405,12:28:56,$ 3465.525,139
2406,12:28:23,$ 3467.0255,100
2407,12:28:22,$ 3466.635,"1,000"
2408,12:28:22,$ 3466.92,100
2410,12:28:20,$ 3467.00,570
2411,12:28:15,$ 3467.10,100
2412,12:28:15,$ 3467.07,100
2413,12:28:13,$ 3466.9521,100
2414,12:28:09,$ 3467.265,500
2415,12:27:58,$ 3467.86,100
2416,12:27:57,$ 3468.96,100
2417,12:27:55,$ 3468.50,400
2418,12:27:55,$ 3468.09,100
2419,12:27:51,$ 3467.21,100
2420,12:27:50,$ 3467.50,187
2421,12:27:50,$ 3467.51,155
2422,12:27:34,$ 3467.30,"1,000"
2423,12:27:33,$ 3467.46,100
2424,12:27:23,$ 3466.84,100
2425,12:27:13,$ 3466.54,171
2426,12:27:13,$ 3466.54,100
2427,12:27:13,$ 3466.54,178
2428,12:26:56,$ 3465.655,100
2429,12:26:56,$ 3465.82,100
2431,12:26:45,$ 3465.355,500
2432,12:26:16,$ 3465.3143,500
2433,12:26:16,$ 3465.4973,420
2434,12:26:16,$ 3465.4973,195
2435,12:26:16,$ 3465.84,100
2436,12:26:12,$ 3465.895,500
2437,12:26:03,$ 3465.98,100
2438,12:25:54,$ 3464.50,115
2439,12:25:53,$ 3464.49,100
2440,12:25:44,$ 3464.42,155
2441,12:25:32,$ 3464.9999,"1,000"
2442,12:25:30,$ 3464.55,100
2443,12:25:25,$ 3463.7012,185
2444,12:25:25,$ 3463.96,100
2445,12:25:23,$ 3463.96,100
2446,12:25:19,$ 3463.7722,100
2447,12:25:09,$ 3464.15,100
2448,12:25:09,$ 3464.14,100
2449,12:25:01,$ 3463.14,100
2450,12:24:30,$ 3462.51,100
2452,12:24:30,$ 3462.39,100
2453,12:24:30,$ 3462.37,100
2454,12:24:30,$ 3462.39,100
2455,12:24:12,$ 3462.00,100
2456,12:24:08,$ 3461.3371,500
2457,12:23:50,$ 3462.0408,100
2458,12:23:39,$ 3461.92,100
2459,12:23:38,$ 3462.468,500
2460,12:23:11,$ 3461.6501,150
2461,12:23:09,$ 3461.925,500
2462,12:23:05,$ 3462.00,100
2463,12:22:55,$ 3461.3851,150
2464,12:22:55,$ 3461.69,100
2465,12:22:40,$ 3461.3485,100
2466,12:22:30,$ 3461.00,139
2467,12:22:30,$ 3461.00,100
2468,12:22:28,$ 3460.81,100
2469,12:21:39,$ 3461.7682,200
2470,12:21:35,$ 3461.73,100
2471,12:21:35,$ 3461.62,100
2473,12:21:24,$ 3461.9118,200
2474,12:21:18,$ 3462.19,220
2475,12:20:54,$ 3462.58,100
2476,12:20:38,$ 3462.7524,100
2477,12:20:31,$ 3462.94,100
2478,12:20:24,$ 3462.33,100
2479,12:20:19,$ 3462.605,200
2480,12:20:19,$ 3462.605,100
2481,12:20:18,$ 3462.715,200
2482,12:20:10,$ 3462.67,200
2483,12:20:05,$ 3462.82,100
2484,12:20:03,$ 3462.70,107
2485,12:20:03,$ 3462.47,100
2486,12:19:35,$ 3462.8416,375
2487,12:19:35,$ 3462.43,100
2488,12:19:07,$ 3462.81,100
2489,12:18:47,$ 3462.56,100
2490,12:18:43,$ 3462.5107,220
2491,12:18:33,$ 3462.47,126
2492,12:18:33,$ 3462.47,100
2494,12:18:29,$ 3462.51,400
2495,12:18:23,$ 3462.20,100
2496,12:18:23,$ 3461.94,100
2497,12:18:23,$ 3461.93,100
2498,12:18:20,$ 3461.61,100
2499,12:18:17,$ 3462.17,"1,000"
2500,12:18:16,$ 3461.665,100
2501,12:18:16,$ 3461.6201,100
2502,12:17:54,$ 3462.70,100
2503,12:17:53,$ 3463.3799,150
2504,12:17:53,$ 3463.08,100
2505,12:17:52,$ 3463.2643,200
2506,12:17:47,$ 3462.148,100
2507,12:17:32,$ 3462.6175,100
2508,12:17:30,$ 3462.00,100
2509,12:17:23,$ 3462.00,145
2510,12:17:07,$ 3462.00,100
2511,12:17:07,$ 3462.00,100
2512,12:17:07,$ 3462.00,100
2513,12:17:00,$ 3462.40,200
2515,12:17:00,$ 3462.40,323
2516,12:16:54,$ 3462.0817,100
2517,12:16:49,$ 3462.39,100
2518,12:16:48,$ 3462.80,200
2519,12:16:41,$ 3461.2493,100
2520,12:16:37,$ 3461.00,400
2521,12:16:37,$ 3460.71,100
2522,12:16:35,$ 3460.1801,100
2523,12:16:08,$ 3461.00,150
2524,12:16:07,$ 3460.46,150
2525,12:16:07,$ 3461.00,162
2526,12:16:03,$ 3461.7399,100
2527,12:15:54,$ 3461.5745,100
2528,12:15:51,$ 3462.10,100
2529,12:15:51,$ 3462.00,113
2530,12:15:51,$ 3462.03,100
2531,12:15:51,$ 3462.75,125
2532,12:15:39,$ 3462.05,100
2533,12:15:36,$ 3462.55,100
2534,12:15:35,$ 3462.48,100
2536,12:15:34,$ 3462.18,100
2537,12:15:33,$ 3462.50,100
2538,12:15:27,$ 3461.97,100
2539,12:15:27,$ 3461.97,100
2540,12:15:27,$ 3461.96,100
2541,12:15:22,$ 3461.22,100
2542,12:15:22,$ 3461.24,100
2543,12:15:22,$ 3461.03,100
2544,12:15:14,$ 3461.54,100
2545,12:15:10,$ 3461.3364,145
2546,12:15:01,$ 3461.6399,500
2547,12:15:01,$ 3460.87,100
2548,12:14:55,$ 3461.67,100
2549,12:14:52,$ 3460.46,100
2550,12:14:52,$ 3460.46,100
2551,12:14:52,$ 3460.46,183
2552,12:14:48,$ 3461.81,100
2553,12:14:48,$ 3461.71,100
2554,12:14:48,$ 3461.69,374
2555,12:14:48,$ 3461.69,387
2557,12:14:48,$ 3461.62,100
2558,12:14:45,$ 3461.54,100
2559,12:14:44,$ 3462.005,100
2560,12:14:43,$ 3461.80,100
2561,12:14:43,$ 3461.65,100
2562,12:14:37,$ 3462.79,100
2563,12:14:36,$ 3462.82,100
2564,12:14:36,$ 3462.73,100
2565,12:14:32,$ 3462.48,100
2566,12:14:32,$ 3462.75,100
2567,12:14:32,$ 3462.75,100
2568,12:14:32,$ 3462.75,100
2569,12:14:27,$ 3462.00,100
2570,12:14:08,$ 3460.50,100
2571,12:14:05,$ 3459.9015,250
2572,12:14:00,$ 3460.00,100
2573,12:14:00,$ 3460.00,100
2574,12:14:00,$ 3460.00,500
2575,12:14:00,$ 3460.00,100
2576,12:14:00,$ 3459.87,100
2578,12:13:58,$ 3459.53,100
2579,12:13:56,$ 3459.53,100
2580,12:13:55,$ 3459.46,100
2581,12:13:50,$ 3459.48,100
2582,12:13:50,$ 3459.48,100
2583,12:13:50,$ 3459.47,100
2584,12:13:50,$ 3459.46,120
2585,12:13:50,$ 3459.46,126
2586,12:13:50,$ 3459.47,123
2587,12:13:50,$ 3459.48,100
2588,12:13:50,$ 3459.47,100
2589,12:13:30,$ 3458.345,199
2590,12:13:30,$ 3458.55,199
2591,12:13:26,$ 3458.055,100
2592,12:13:24,$ 3458.37,300
2593,12:13:19,$ 3458.00,100
2594,12:13:04,$ 3457.00,417
2595,12:13:00,$ 3457.445,100
2596,12:12:58,$ 3457.00,200
2597,12:12:58,$ 3457.00,175
2599,12:12:33,$ 3457.425,100
2600,12:12:29,$ 3457.50,184
2601,12:12:29,$ 3457.50,316
2602,12:12:21,$ 3457.48,100
2603,12:12:21,$ 3457.48,191
2604,12:12:18,$ 3457.07,100
2605,12:12:18,$ 3456.87,100
2606,12:12:08,$ 3456.73,100
2607,12:12:08,$ 3456.325,100
2608,12:11:56,$ 3457.48,100
2609,12:11:56,$ 3457.17,100
2610,12:11:49,$ 3457.0183,100
2611,12:11:48,$ 3456.40,100
2612,12:11:43,$ 3456.5037,100
2613,12:11:39,$ 3457.67,100
2614,12:11:36,$ 3456.40,100
2615,12:11:36,$ 3457.00,145
2616,12:11:36,$ 3457.00,122
2617,12:11:36,$ 3456.90,100
2618,12:11:32,$ 3457.1466,100
2620,12:11:30,$ 3458.595,100
2621,12:11:25,$ 3458.4497,117
2622,12:11:25,$ 3458.854,107
2623,12:11:08,$ 3458.2416,300
2624,12:10:55,$ 3457.76,100
2625,12:10:55,$ 3457.56,100
2626,12:10:54,$ 3457.87,100
2627,12:10:47,$ 3458.00,100
2628,12:10:47,$ 3458.00,344
2629,12:10:43,$ 3457.50,224
2630,12:10:38,$ 3457.99,100
2631,12:10:38,$ 3457.95,100
2632,12:10:38,$ 3457.95,100
2633,12:10:38,$ 3458.32,100
2634,12:10:38,$ 3458.02,100
2635,12:10:38,$ 3458.01,100
2636,12:10:38,$ 3458.33,100
2637,12:10:37,$ 3458.0101,100
2638,12:10:32,$ 3458.50,200
2639,12:10:32,$ 3458.50,129
2641,12:10:30,$ 3459.035,100
2642,12:10:30,$ 3459.40,100
2643,12:10:30,$ 3459.02,220
2644,12:10:30,$ 3459.035,100
2645,12:10:28,$ 3458.50,570
2646,12:10:23,$ 3458.88,100
2647,12:10:16,$ 3459.225,100
2648,12:10:02,$ 3459.57,100
2649,12:10:01,$ 3459.57,100
2650,12:10:00,$ 3459.43,100
2651,12:09:49,$ 3459.20,100
2652,12:09:34,$ 3459.4699,100
2653,12:09:33,$ 3459.005,100
2654,12:09:31,$ 3459.08,100
2655,12:09:31,$ 3459.46,622
2656,12:09:31,$ 3458.82,100
2657,12:09:31,$ 3458.70,100
2658,12:09:31,$ 3459.08,100
2659,12:09:31,$ 3459.08,100
2660,12:09:28,$ 3458.73,100
2662,12:09:28,$ 3458.77,100
2663,12:09:26,$ 3459.03,100
2664,12:09:26,$ 3458.73,100
2665,12:09:21,$ 3458.70,100
2666,12:09:21,$ 3458.70,100
2667,12:09:20,$ 3458.50,200
2668,12:09:20,$ 3459.35,100
2669,12:09:20,$ 3458.75,100
2670,12:09:20,$ 3458.75,100
2671,12:09:20,$ 3458.75,100
2672,12:09:14,$ 3459.08,102
2673,12:09:13,$ 3459.29,100
2674,12:09:09,$ 3458.87,100
2675,12:09:09,$ 3458.87,100
2676,12:09:09,$ 3458.87,200
2677,12:09:05,$ 3459.03,100
2678,12:09:02,$ 3458.78,100
2679,12:08:48,$ 3458.77,100
2680,12:08:41,$ 3458.595,100
2681,12:08:40,$ 3458.525,100
2683,12:08:37,$ 3458.54,178
2684,12:08:26,$ 3458.8425,100
2685,12:08:26,$ 3458.865,100
2686,12:08:22,$ 3458.62,100
2687,12:08:22,$ 3458.61,100
2688,12:08:22,$ 3458.89,100
2689,12:08:22,$ 3458.75,100
2690,12:08:22,$ 3458.70,100
2691,12:08:22,$ 3458.47,100
2692,12:08:22,$ 3458.49,100
2693,12:08:11,$ 3458.86,100
2694,12:08:11,$ 3458.45,100
2695,12:08:08,$ 3458.48,100
2696,12:08:07,$ 3458.47,100
2697,12:08:05,$ 3458.7892,120
2698,12:08:05,$ 3458.7892,208
2699,12:08:04,$ 3458.23,200
2700,12:07:56,$ 3457.87,100
2701,12:07:51,$ 3457.48,100
2702,12:07:51,$ 3457.49,100
2704,12:07:51,$ 3457.50,115
2705,12:07:51,$ 3457.50,100
2706,12:07:51,$ 3457.50,100
2707,12:07:51,$ 3457.07,200
2708,12:07:51,$ 3457.07,100
2709,12:07:51,$ 3457.07,200
2710,12:07:50,$ 3457.24,100
2711,12:07:27,$ 3457.2425,100
2712,12:07:21,$ 3457.685,100
2713,12:07:21,$ 3457.685,100
2714,12:07:21,$ 3457.685,100
2715,12:07:10,$ 3457.63,100
2716,12:07:08,$ 3458.0225,100
2717,12:07:08,$ 3458.0125,100
2718,12:07:08,$ 3458.025,100
2719,12:07:08,$ 3458.025,100
2720,12:07:08,$ 3458.025,100
2721,12:07:08,$ 3458.025,100
2722,12:07:08,$ 3457.82,100
2723,12:07:08,$ 3457.50,100
2725,12:07:06,$ 3458.00,"1,250"
2726,12:07:06,$ 3458.00,100
2727,12:07:03,$ 3457.72,145
2728,12:07:01,$ 3456.87,100
2729,12:06:49,$ 3456.2933,100
2730,12:06:48,$ 3456.50,100
2731,12:06:48,$ 3456.50,276
2732,12:06:48,$ 3456.50,100
2733,12:06:48,$ 3456.50,100
2734,12:06:47,$ 3456.41,100
2735,12:06:36,$ 3456.7265,100
2736,12:06:25,$ 3456.33,100
2737,12:06:25,$ 3456.19,100
2738,12:06:25,$ 3456.65,100
2739,12:06:21,$ 3456.63,100
2740,12:06:21,$ 3456.71,100
2741,12:06:21,$ 3456.60,100
2742,12:06:20,$ 3457.065,100
2743,12:06:17,$ 3457.19,100
2744,12:06:17,$ 3456.95,100
2746,12:05:58,$ 3457.34,500
2747,12:05:56,$ 3457.60,100
2748,12:05:56,$ 3457.33,100
2749,12:05:55,$ 3457.07,100
2750,12:05:55,$ 3456.93,100
2751,12:05:55,$ 3456.89,210
2752,12:05:51,$ 3456.68,200
2753,12:05:50,$ 3456.63,100
2754,12:05:48,$ 3456.39,100
2755,12:05:48,$ 3456.19,100
2756,12:05:45,$ 3456.75,100
2757,12:05:40,$ 3456.3182,400
2758,12:05:39,$ 3456.34,100
2759,12:05:39,$ 3456.61,400
2760,12:05:39,$ 3456.34,143
2761,12:05:39,$ 3456.44,200
2762,12:05:39,$ 3456.61,200
2763,12:05:39,$ 3456.375,400
2764,12:05:35,$ 3456.34,100
2765,12:05:34,$ 3456.45,100
2767,12:05:06,$ 3455.27,100
2768,12:04:53,$ 3453.97,100
2769,12:04:53,$ 3454.13,100
2770,12:04:53,$ 3454.09,100
2771,12:04:53,$ 3454.02,155
2772,12:04:53,$ 3453.90,100
2773,12:04:38,$ 3454.85,100
2774,12:04:38,$ 3455.08,100
2775,12:04:38,$ 3455.28,100
2776,12:04:38,$ 3455.09,100
2777,12:04:15,$ 3455.63,100
2778,12:04:09,$ 3455.13,100
2779,12:04:04,$ 3455.05,100
2780,12:03:49,$ 3456.238,150
2781,12:03:48,$ 3454.96,100
2782,12:03:47,$ 3454.96,100
2783,12:03:47,$ 3454.86,100
2784,12:03:35,$ 3454.99,100
2785,12:03:35,$ 3455.00,257
2786,12:03:35,$ 3455.00,421
2788,12:03:33,$ 3454.83,193
2789,12:03:17,$ 3454.7935,100
2790,12:03:12,$ 3453.70,100
2791,12:03:12,$ 3453.70,100
2792,12:03:02,$ 3453.64,100
2793,12:03:02,$ 3453.72,100
2794,12:03:02,$ 3453.73,100
2795,12:02:50,$ 3452.86,100
2796,12:02:50,$ 3453.00,100
2797,12:02:42,$ 3454.145,100
2798,12:02:27,$ 3453.59,100
2799,12:02:23,$ 3453.435,100
2800,12:02:23,$ 3453.00,156
2801,12:02:23,$ 3452.3909,221
2802,12:02:23,$ 3452.97,100
2803,12:02:23,$ 3453.20,100
2804,12:02:23,$ 3453.18,100
2805,12:02:11,$ 3453.6504,133
2806,12:02:11,$ 3453.67,100
2807,12:02:11,$ 3454.085,100
2809,12:02:04,$ 3453.5501,100
2810,12:02:03,$ 3454.64,100
2811,12:01:42,$ 3454.81,100
2812,12:01:37,$ 3453.76,200
2813,12:01:31,$ 3454.84,400
2814,12:01:16,$ 3454.18,100
2815,12:01:16,$ 3454.805,100
2816,12:01:14,$ 3454.50,110
2817,12:01:14,$ 3454.44,100
2818,12:01:14,$ 3454.38,100
2819,12:01:14,$ 3454.66,100
2820,12:01:14,$ 3454.73,100
2821,12:01:14,$ 3454.64,100
2822,12:01:08,$ 3455.00,117
2823,12:01:08,$ 3455.00,169
2824,12:01:08,$ 3455.00,196
2825,12:00:46,$ 3455.035,100
2826,12:00:32,$ 3455.44,100
2827,12:00:28,$ 3456.04,100
2828,12:00:28,$ 3455.92,100
2830,12:00:28,$ 3456.04,100
2831,12:00:28,$ 3456.04,100
2832,12:00:25,$ 3456.1186,450
2833,12:00:24,$ 3456.74,100
2834,12:00:24,$ 3456.38,157
2835,12:00:14,$ 3456.46,100
2836,12:00:12,$ 3456.6899,100
2837,12:00:12,$ 3456.43,100
2838,12:00:11,$ 3456.43,100
2839,12:00:11,$ 3456.43,100
2840,12:00:05,$ 3456.3517,456
2841,12:00:02,$ 3455.511,100
2843,12:59:46,$ 3486.7111,500
2844,12:59:31,$ 3486.29,100
2845,12:59:19,$ 3486.815,100
2846,12:59:19,$ 3486.70,100
2847,12:59:17,$ 3486.9198,100
2848,12:59:14,$ 3487.035,100
2849,12:59:13,$ 3486.70,100
2850,12:59:00,$ 3486.91,100
2851,12:59:00,$ 3487.27,100
2852,12:58:43,$ 3487.735,300
2853,12:58:37,$ 3487.9899,300
2854,12:58:35,$ 3487.9899,200
2855,12:58:27,$ 3488.015,100
2856,12:58:21,$ 3487.87,100
2857,12:58:21,$ 3488.00,100
2858,12:58:15,$ 3488.675,103
2859,12:58:10,$ 3488.845,500
2860,12:58:10,$ 3488.9493,100
2861,12:58:10,$ 3488.5524,100
2862,12:58:08,$ 3489.565,100
2864,12:58:08,$ 3488.9388,144
2865,12:58:04,$ 3489.51,100
2866,12:58:02,$ 3489.51,100
2867,12:58:00,$ 3489.51,100
2868,12:58:00,$ 3489.50,100
2869,12:57:59,$ 3489.0789,100
2870,12:57:57,$ 3489.5635,100
2871,12:57:55,$ 3489.18,100
2872,12:57:52,$ 3489.43,100
2873,12:57:52,$ 3488.88,100
2874,12:57:52,$ 3488.88,200
2875,12:57:52,$ 3489.00,100
2876,12:57:47,$ 3488.7999,100
2877,12:57:44,$ 3487.855,100
2878,12:57:42,$ 3488.11,100
2879,12:57:42,$ 3488.07,100
2880,12:57:42,$ 3488.00,400
2881,12:57:39,$ 3486.80,115
2882,12:57:39,$ 3487.00,165
2883,12:57:37,$ 3486.73,115
2885,12:57:31,$ 3485.4826,100
2886,12:57:13,$ 3485.85,100
2887,12:57:02,$ 3485.525,200
2888,12:56:59,$ 3485.06,137
2889,12:56:51,$ 3486.06,120
2890,12:56:51,$ 3486.06,100
2891,12:56:51,$ 3486.06,100
2892,12:56:50,$ 3485.625,100
2893,12:56:50,$ 3485.981,169
2894,12:56:50,$ 3485.9033,100
2895,12:56:42,$ 3484.5413,100
2896,12:56:35,$ 3486.1499,100
2897,12:56:10,$ 3484.32,100
2898,12:56:10,$ 3484.68,100
2899,12:56:09,$ 3485.00,113
2900,12:56:08,$ 3485.24,100
2901,12:55:59,$ 3485.3206,346
2902,12:55:57,$ 3485.2401,100
2903,12:55:47,$ 3486.00,970
2904,12:55:33,$ 3486.12,500
2906,12:55:31,$ 3485.9999,145
2907,12:55:28,$ 3485.935,100
2908,12:55:26,$ 3485.6523,500
2909,12:55:13,$ 3485.4801,500
2910,12:55:10,$ 3485.55,102
2911,12:55:10,$ 3485.50,100
2912,12:55:10,$ 3485.46,100
2913,12:55:09,$ 3485.90,172
2914,12:54:58,$ 3486.26,100
2915,12:54:58,$ 3485.805,100
2916,12:54:52,$ 3486.00,119
2917,12:54:47,$ 3485.64,138
2918,12:54:44,$ 3485.0101,100
2919,12:54:40,$ 3485.85,500
2920,12:54:30,$ 3486.5358,150
2921,12:54:27,$ 3486.29,100
2922,12:54:19,$ 3486.08,780
2923,12:54:19,$ 3486.00,100
2924,12:54:19,$ 3486.08,100
2925,12:54:19,$ 3486.08,116
2927,12:54:09,$ 3484.8445,248
2928,12:54:09,$ 3484.75,100
2929,12:54:09,$ 3485.09,100
2930,12:54:09,$ 3485.20,100
2931,12:54:09,$ 3485.50,100
2932,12:54:04,$ 3485.355,100
2933,12:54:04,$ 3484.71,100
2934,12:54:04,$ 3484.8345,200
2935,12:53:57,$ 3484.7448,100
2936,12:53:50,$ 3484.605,100
2937,12:53:49,$ 3485.165,100
2938,12:53:47,$ 3485.165,100
2939,12:53:46,$ 3484.99,100
2940,12:53:45,$ 3484.555,100
2941,12:53:42,$ 3484.48,100
2942,12:53:38,$ 3484.63,100
2943,12:53:12,$ 3483.63,200
2944,12:53:12,$ 3483.59,100
2945,12:53:10,$ 3483.8101,100
2946,12:53:10,$ 3484.00,155
2948,12:53:10,$ 3484.10,100
2949,12:53:07,$ 3483.2501,200
2950,12:53:06,$ 3483.5686,100
2951,12:53:05,$ 3483.9043,200
2952,12:52:55,$ 3483.61,100
2953,12:52:54,$ 3483.61,150
2954,12:52:40,$ 3483.51,143
2955,12:52:34,$ 3483.2209,100
2956,12:52:24,$ 3483.4652,160
2957,12:52:23,$ 3484.00,100
2958,12:52:11,$ 3483.20,100
2959,12:52:03,$ 3483.53,100
2960,12:52:03,$ 3482.96,100
2961,12:51:57,$ 3482.99,100
2962,12:51:54,$ 3483.14,100
2963,12:51:54,$ 3482.78,100
2964,12:51:54,$ 3483.08,100
2965,12:51:54,$ 3483.03,100
2966,12:51:52,$ 3483.79,100
2967,12:51:49,$ 3483.86,100
2969,12:51:26,$ 3483.8948,500
2970,12:51:24,$ 3483.63,100
2971,12:51:22,$ 3483.50,200
2972,12:51:22,$ 3483.58,100
2973,12:51:22,$ 3483.43,100
2974,12:51:05,$ 3483.97,100
2975,12:51:05,$ 3483.74,200
2976,12:51:05,$ 3483.97,100
2977,12:51:05,$ 3483.85,100
2978,12:51:04,$ 3483.47,200
2979,12:51:04,$ 3483.32,100
2980,12:51:04,$ 3483.70,100
2981,12:51:04,$ 3483.72,100
2982,12:51:02,$ 3483.55,100
2983,12:50:57,$ 3483.53,110
2984,12:50:44,$ 3483.575,100
2985,12:50:39,$ 3483.688,269
2986,12:50:39,$ 3483.688,100
2987,12:50:39,$ 3483.38,100
2988,12:50:39,$ 3483.39,100
2990,12:50:35,$ 3484.475,100
2991,12:50:22,$ 3484.41,500
2992,12:50:17,$ 3484.555,100
2993,12:50:14,$ 3483.835,100
2994,12:50:10,$ 3484.55,100
2995,12:50:06,$ 3484.00,188
2996,12:50:04,$ 3484.66,100
2997,12:50:02,$ 3484.42,100
2998,12:49:57,$ 3484.9499,100
2999,12:49:47,$ 3484.50,150
3000,12:49:43,$ 3484.1061,200
3001,12:49:41,$ 3483.62,100
3002,12:49:41,$ 3483.80,100
3003,12:49:41,$ 3483.83,100
3004,12:49:41,$ 3483.85,100
3005,12:49:41,$ 3484.20,100
3006,12:49:41,$ 3483.61,100
3007,12:49:38,$ 3483.15,100
3008,12:49:37,$ 3483.68,100
3009,12:49:35,$ 3483.198,100
3011,12:49:35,$ 3483.82,200
3012,12:49:32,$ 3483.89,100
3013,12:49:32,$ 3483.895,100
3014,12:49:31,$ 3483.89,100
3015,12:49:30,$ 3483.43,250
3016,12:49:28,$ 3482.99,115
3017,12:49:28,$ 3482.87,100
3018,12:49:28,$ 3482.99,111
3019,12:49:28,$ 3482.88,100
3020,12:49:27,$ 3482.18,225
3021,12:49:26,$ 3482.21,100
3022,12:49:21,$ 3482.31,100
3023,12:49:19,$ 3482.86,111
3024,12:49:19,$ 3482.82,100
3025,12:49:19,$ 3482.86,100
3026,12:49:16,$ 3481.68,200
3027,12:49:10,$ 3481.89,100
3028,12:49:09,$ 3481.89,100
3029,12:49:03,$ 3481.7465,263
3030,12:49:01,$ 3482.245,100
3032,12:48:56,$ 3482.66,100
3033,12:48:39,$ 3482.40,100
3034,12:48:39,$ 3482.513,175
3035,12:48:39,$ 3482.513,175
3036,12:48:34,$ 3482.482,190
3037,12:48:30,$ 3482.81,100
3038,12:48:30,$ 3482.81,300
3039,12:48:17,$ 3483.1563,100
3040,12:48:14,$ 3482.47,100
3041,12:48:11,$ 3482.99,100
3042,12:48:07,$ 3482.49,100
3043,12:48:02,$ 3482.99,100
3044,12:47:54,$ 3483.00,100
3045,12:47:48,$ 3483.15,100
3046,12:47:48,$ 3482.73,100
3047,12:47:43,$ 3482.62,100
3048,12:47:43,$ 3482.62,100
3049,12:47:43,$ 3482.72,100
3050,12:47:43,$ 3482.73,100
3051,12:47:43,$ 3482.73,100
3053,12:47:43,$ 3482.72,100
3054,12:47:34,$ 3483.1527,387
3055,12:47:32,$ 3483.62,630
3056,12:47:21,$ 3484.2314,100
3057,12:47:17,$ 3484.00,100
3058,12:47:13,$ 3484.06,100
3059,12:47:11,$ 3484.33,100
3060,12:46:57,$ 3484.912,392
3061,12:46:57,$ 3484.405,100
3062,12:46:57,$ 3484.415,100
3063,12:46:57,$ 3484.22,100
3064,12:46:52,$ 3484.74,100
3065,12:46:45,$ 3485.7799,100
3066,12:46:40,$ 3485.725,100
3067,12:46:39,$ 3485.665,500
3068,12:46:38,$ 3485.63,200
3069,12:46:37,$ 3485.64,130
3070,12:46:36,$ 3485.52,100
3071,12:46:27,$ 3485.5201,150
3072,12:46:25,$ 3486.6599,100
3074,12:46:24,$ 3485.745,200
3075,12:46:23,$ 3485.745,800
3076,12:46:19,$ 3485.70,100
3077,12:46:19,$ 3485.50,100
3078,12:46:19,$ 3485.50,100
3079,12:46:15,$ 3485.524,100
3080,12:46:11,$ 3486.82,100
3081,12:46:11,$ 3486.50,128
3082,12:46:09,$ 3486.62,100
3083,12:46:09,$ 3486.58,100
3084,12:46:07,$ 3486.975,100
3085,12:46:04,$ 3486.34,100
3086,12:46:04,$ 3486.50,275
3087,12:46:04,$ 3486.50,244
3088,12:46:03,$ 3487.2522,100
3089,12:46:01,$ 3486.86,500
3090,12:45:56,$ 3486.06,100
3091,12:45:56,$ 3486.065,200
3092,12:45:53,$ 3486.60,100
3093,12:45:52,$ 3486.3273,100
3095,12:45:52,$ 3486.62,100
3096,12:45:49,$ 3486.59,100
3097,12:45:49,$ 3486.00,100
3098,12:45:48,$ 3485.33,174
3099,12:45:48,$ 3485.34,100
3100,12:45:47,$ 3485.335,200
3101,12:45:46,$ 3485.4499,100
3102,12:45:45,$ 3485.46,100
3103,12:45:45,$ 3485.50,433
3104,12:45:45,$ 3485.30,100
3105,12:45:45,$ 3485.50,132
3106,12:45:45,$ 3485.30,100
3107,12:45:43,$ 3485.50,426
3108,12:45:40,$ 3485.69,100
3109,12:45:40,$ 3485.70,100
3110,12:45:36,$ 3485.41,100
3111,12:45:34,$ 3485.2127,200
3112,12:45:34,$ 3485.51,100
3113,12:45:31,$ 3485.75,100
3114,12:45:25,$ 3485.10,300
3116,12:45:25,$ 3485.10,181
3117,12:45:17,$ 3484.7487,200
3118,12:45:14,$ 3484.52,100
3119,12:45:11,$ 3485.032,100
3120,12:45:10,$ 3485.0703,300
3121,12:45:08,$ 3484.085,100
3122,12:45:07,$ 3484.51,100
3123,12:45:06,$ 3484.59,100
3124,12:45:00,$ 3485.3398,200
3125,12:45:00,$ 3485.24,100
3126,12:45:00,$ 3485.14,100
3127,12:45:00,$ 3484.67,"1,000"
3128,12:44:58,$ 3485.00,100
3129,12:44:58,$ 3484.42,200
3130,12:44:54,$ 3484.84,100
3131,12:44:52,$ 3483.93,100
3132,12:44:51,$ 3483.1401,100
3133,12:44:47,$ 3483.55,100
3134,12:44:39,$ 3482.65,100
3135,12:44:39,$ 3483.00,250
3137,12:44:35,$ 3482.565,100
3138,12:44:28,$ 3482.85,100
3139,12:44:28,$ 3482.70,150
3140,12:44:28,$ 3482.7439,250
3141,12:44:16,$ 3481.60,175
3142,12:44:14,$ 3481.60,100
3143,12:44:13,$ 3481.57,100
3144,12:44:13,$ 3481.91,167
3145,12:44:02,$ 3481.3785,200
3146,12:43:57,$ 3482.00,100
3147,12:43:57,$ 3481.34,117
3148,12:43:56,$ 3481.31,100
3149,12:43:56,$ 3481.88,100
3150,12:43:56,$ 3481.81,100
3151,12:43:56,$ 3481.63,100
3152,12:43:56,$ 3480.99,100
3153,12:43:55,$ 3481.00,200
3154,12:43:55,$ 3481.00,185
3155,12:43:55,$ 3480.99,100
3156,12:43:54,$ 3480.0701,100
3158,12:43:41,$ 3479.61,109
3159,12:43:37,$ 3480.67,100
3160,12:43:37,$ 3480.60,100
3161,12:43:37,$ 3480.60,100
3162,12:43:37,$ 3480.00,300
3163,12:43:37,$ 3480.00,300
3164,12:43:37,$ 3480.00,100
3165,12:43:37,$ 3480.00,390
3166,12:43:37,$ 3480.00,100
3167,12:43:37,$ 3480.00,100
3168,12:43:37,$ 3480.00,100
3169,12:43:28,$ 3479.28,154
3170,12:43:28,$ 3479.61,100
3171,12:43:28,$ 3479.228,287
3172,12:43:28,$ 3479.4334,100
3173,12:43:19,$ 3478.2999,100
3174,12:43:17,$ 3477.96,500
3175,12:43:12,$ 3478.6199,500
3176,12:43:04,$ 3477.5101,500
3177,12:43:02,$ 3478.0482,100
3179,12:42:55,$ 3477.94,138
3180,12:42:39,$ 3478.7452,387
3181,12:42:39,$ 3478.7452,113
3182,12:42:37,$ 3478.9414,100
3183,12:42:35,$ 3478.8902,287
3184,12:42:35,$ 3478.77,100
3185,12:42:35,$ 3478.77,100
3186,12:42:31,$ 3478.00,100
3187,12:42:25,$ 3477.28,145
3188,12:42:19,$ 3477.16,100
3189,12:42:19,$ 3477.16,100
3190,12:42:19,$ 3476.88,100
3191,12:42:10,$ 3476.3112,100
3192,12:42:08,$ 3477.23,100
3193,12:42:08,$ 3476.8005,670
3194,12:41:55,$ 3477.00,100
3195,12:41:55,$ 3476.92,100
3196,12:41:53,$ 3476.60,100
3197,12:41:51,$ 3476.35,181
3198,12:41:46,$ 3476.23,200
3200,12:41:45,$ 3476.42,100
3201,12:41:45,$ 3476.50,100
3202,12:41:45,$ 3476.84,567
3203,12:41:36,$ 3475.99,100
3204,12:41:36,$ 3476.00,100
3205,12:41:36,$ 3475.30,100
3206,12:41:11,$ 3475.2016,487
3207,12:40:52,$ 3473.955,100
3208,12:40:50,$ 3473.94,100
3209,12:40:29,$ 3474.57,500
3210,12:40:29,$ 3474.57,100
3211,12:40:10,$ 3475.83,500
3212,12:40:03,$ 3476.07,500
3213,12:39:58,$ 3476.61,100
3214,12:39:58,$ 3476.59,100
3215,12:39:51,$ 3476.00,100
3216,12:39:42,$ 3475.3853,250
3217,12:39:39,$ 3475.9899,100
3218,12:39:39,$ 3475.332,500
3219,12:39:26,$ 3475.51,139
3221,12:39:26,$ 3475.51,100
3222,12:39:20,$ 3474.355,"1,000"
3223,12:39:20,$ 3474.70,100
3224,12:39:20,$ 3474.72,100
3225,12:39:20,$ 3475.00,152
3226,12:39:20,$ 3475.408,287
3227,12:39:20,$ 3475.408,152
3228,12:39:18,$ 3475.34,100
3229,12:39:11,$ 3475.6003,500
3230,12:39:06,$ 3476.05,100
3231,12:39:04,$ 3475.742,100
3232,12:38:57,$ 3476.03,100
3233,12:38:57,$ 3476.5399,100
3234,12:38:45,$ 3476.455,300
3235,12:38:43,$ 3476.55,100
3236,12:38:43,$ 3476.33,100
3237,12:38:37,$ 3475.825,100
3238,12:38:37,$ 3476.37,100
3239,12:38:36,$ 3475.99,100
3240,12:38:36,$ 3475.7872,100
3242,12:38:27,$ 3475.37,100
3243,12:38:20,$ 3475.40,100
3244,12:38:13,$ 3474.875,100
3245,12:38:09,$ 3474.8618,100
3246,12:37:54,$ 3474.93,100
3247,12:37:52,$ 3474.94,100
3248,12:37:52,$ 3474.52,300
3249,12:37:45,$ 3474.77,100
3250,12:37:39,$ 3474.66,100
3251,12:37:38,$ 3475.19,335
3252,12:37:38,$ 3474.91,100
3253,12:37:38,$ 3474.93,100
3254,12:37:35,$ 3475.31,100
3255,12:37:34,$ 3476.51,232
3256,12:37:33,$ 3475.70,100
3257,12:37:33,$ 3475.68,100
3258,12:37:33,$ 3475.301,387
3259,12:37:33,$ 3475.301,287
3260,12:37:33,$ 3475.69,238
3261,12:37:33,$ 3475.301,238
3263,12:37:31,$ 3476.00,580
3264,12:37:30,$ 3475.06,100
3265,12:37:30,$ 3475.00,100
3266,12:37:30,$ 3475.00,200
3267,12:37:27,$ 3474.99,180
3268,12:37:23,$ 3474.41,200
3269,12:37:23,$ 3474.41,100
3270,12:37:23,$ 3474.385,100
3271,12:37:22,$ 3474.524,100
3272,12:37:18,$ 3473.9124,287
3273,12:37:17,$ 3473.88,100
3274,12:37:12,$ 3473.25,100
3275,12:37:12,$ 3473.22,100
3276,12:36:56,$ 3472.30,100
3277,12:36:56,$ 3472.37,100
3278,12:36:56,$ 3472.50,100
3279,12:36:56,$ 3472.00,107
3280,12:36:56,$ 3472.37,100
3281,12:36:56,$ 3472.50,100
3282,12:36:56,$ 3472.00,260
3284,12:36:56,$ 3472.00,117
3285,12:36:56,$ 3472.00,115
3286,12:36:31,$ 3471.8125,164
3287,12:36:22,$ 3471.1734,100
3288,12:36:20,$ 3471.18,100
3289,12:36:20,$ 3471.82,100
3290,12:36:20,$ 3471.59,100
3291,12:36:01,$ 3472.74,100
3292,12:35:49,$ 3471.84,117
3293,12:35:43,$ 3472.03,176
3294,12:35:41,$ 3472.72,100
3295,12:35:41,$ 3472.357,149
3296,12:35:41,$ 3472.357,162
3297,12:35:41,$ 3472.357,165
3298,12:35:40,$ 3472.09,181
3299,12:35:40,$ 3472.09,100
3300,12:35:36,$ 3471.928,144
3301,12:35:24,$ 3471.88,100
3302,12:35:07,$ 3471.5135,288
3303,12:35:03,$ 3471.50,199
3305,12:34:54,$ 3470.6795,200
3306,12:34:46,$ 3471.12,100
3307,12:34:41,$ 3471.18,100
3308,12:34:41,$ 3471.12,100
3309,12:34:39,$ 3471.12,100
3310,12:34:38,$ 3471.12,100
3311,12:34:38,$ 3471.12,100
3312,12:34:36,$ 3470.76,100
3313,12:34:26,$ 3471.00,176
3314,12:34:18,$ 3471.26,500
3315,12:34:17,$ 3471.15,100
3316,12:34:12,$ 3471.68,100
3317,12:34:12,$ 3471.70,470
3318,12:34:12,$ 3471.70,130
3319,12:34:08,$ 3471.77,100
3320,12:34:08,$ 3471.80,100
3321,12:34:05,$ 3471.666,191
3322,12:34:05,$ 3471.666,387
3323,12:34:05,$ 3472.00,200
3324,12:34:05,$ 3472.00,100
3326,12:34:05,$ 3472.00,100
3327,12:34:05,$ 3471.9209,100
3328,12:34:05,$ 3472.00,100
3329,12:34:05,$ 3471.77,100
3330,12:34:04,$ 3471.50,500
3331,12:33:48,$ 3471.00,200
3332,12:33:48,$ 3471.00,100
3333,12:33:47,$ 3470.505,100
3334,12:33:34,$ 3470.1649,100
3335,12:33:29,$ 3470.44,100
3336,12:33:22,$ 3470.84,100
3337,12:33:22,$ 3470.77,100
3338,12:33:22,$ 3470.77,100
3339,12:33:09,$ 3470.00,100
3340,12:33:05,$ 3470.02,100
3341,12:32:59,$ 3469.848,230
3342,12:32:58,$ 3470.12,100
3343,12:32:58,$ 3469.54,100
3344,12:32:58,$ 3469.54,100
3345,12:32:58,$ 3470.09,100
3347,12:32:58,$ 3469.414,100
3348,12:32:58,$ 3470.00,155
3349,12:32:58,$ 3470.00,136
3350,12:32:58,$ 3470.00,525
3351,12:32:58,$ 3470.00,100
3352,12:32:56,$ 3469.9637,382
3353,12:32:56,$ 3469.9637,235
3354,12:32:36,$ 3469.573,200
3355,12:32:34,$ 3469.195,100
3356,12:32:27,$ 3469.105,500
3357,12:32:26,$ 3469.05,100
3358,12:32:26,$ 3469.00,154
3359,12:32:26,$ 3469.00,308
3360,12:32:26,$ 3469.395,100
3361,12:32:04,$ 3469.00,100
3362,12:31:58,$ 3467.79,100
3363,12:31:53,$ 3467.56,100
3364,12:31:53,$ 3467.56,100
3365,12:31:53,$ 3467.56,100
3366,12:31:53,$ 3467.56,100
3368,12:31:53,$ 3467.55,100
3369,12:31:53,$ 3467.58,100
3370,12:31:53,$ 3468.25,145
3371,12:31:53,$ 3469.00,100
3372,12:31:53,$ 3469.00,538
3373,12:31:53,$ 3469.00,100
3374,12:31:53,$ 3469.00,352
3375,12:31:52,$ 3469.00,100
3376,12:31:49,$ 3469.00,100
3377,12:31:49,$ 3469.00,100
3378,12:31:49,$ 3469.00,100
3379,12:31:44,$ 3469.1478,500
3380,12:31:40,$ 3469.64,100
3381,12:31:30,$ 3469.7469,100
3382,12:31:27,$ 3469.45,100
3383,12:31:21,$ 3469.22,100
3384,12:31:21,$ 3469.05,100
3385,12:31:20,$ 3469.78,100
3386,12:31:12,$ 3469.54,100
3387,12:30:53,$ 3469.0799,526
3389,12:30:53,$ 3469.066,387
3390,12:30:41,$ 3468.80,100
3391,12:30:33,$ 3468.13,100
3392,12:30:29,$ 3467.71,100
3393,12:30:12,$ 3466.838,116
3394,12:30:12,$ 3467.75,130
3395,12:30:12,$ 3467.70,100
3396,12:30:11,$ 3466.73,200
3397,12:30:11,$ 3467.07,200
3398,12:30:09,$ 3466.21,100
3399,12:30:09,$ 3466.83,100
3400,12:30:09,$ 3466.8262,100
3401,12:30:09,$ 3466.81,100
3402,12:30:09,$ 3466.81,100
3403,12:30:09,$ 3466.81,100
3404,12:30:09,$ 3466.14,100
3405,12:30:09,$ 3466.45,100
3407,13:29:45,$ 3476.7737,100
3408,13:29:28,$ 3476.70,100
3409,13:29:28,$ 3476.67,100
3410,13:29:23,$ 3476.8501,185
3411,13:29:01,$ 3477.335,100
3412,13:28:41,$ 3478.00,100
3413,13:28:34,$ 3476.6701,212
3414,13:28:06,$ 3476.51,300
3415,13:27:19,$ 3477.21,300
3416,13:26:48,$ 3476.21,100
3417,13:26:44,$ 3476.44,100
3418,13:26:01,$ 3476.6656,100
3419,13:25:38,$ 3476.54,100
3420,13:25:04,$ 3476.98,100
3421,13:24:23,$ 3476.69,100
3422,13:24:21,$ 3476.4763,100
3423,13:24:16,$ 3476.28,100
3424,13:24:16,$ 3476.28,100
3425,13:23:38,$ 3477.9958,100
3426,13:23:26,$ 3478.145,281
3428,13:23:24,$ 3477.849,205
3429,13:23:15,$ 3478.4917,100
3430,13:23:02,$ 3477.84,100
3431,13:22:45,$ 3477.96,100
3432,13:22:45,$ 3478.35,100
3433,13:22:28,$ 3478.04,100
3434,13:22:24,$ 3478.6452,100
3435,13:22:20,$ 3478.176,270
3436,13:22:11,$ 3478.26,300
3437,13:22:11,$ 3478.18,100
3438,13:21:50,$ 3476.14,100
3439,13:21:48,$ 3475.621,100
3440,13:21:27,$ 3476.57,100
3441,13:21:22,$ 3476.975,500
3442,13:21:20,$ 3476.915,100
3443,13:20:58,$ 3477.365,200
3444,13:20:49,$ 3476.7984,100
3445,13:20:45,$ 3476.745,200
3446,13:20:29,$ 3476.05,100
3447,13:20:27,$ 3476.33,100
3449,13:20:11,$ 3475.68,100
3450,13:20:10,$ 3475.7172,"1,000"
3451,13:20:04,$ 3475.5736,100
3452,13:19:53,$ 3475.985,300
3453,13:19:37,$ 3476.29,100
3454,13:19:31,$ 3476.0079,100
3455,13:19:28,$ 3475.929,100
3456,13:19:27,$ 3476.05,100
3457,13:19:13,$ 3475.90,100
3458,13:19:12,$ 3475.43,144
3459,13:19:12,$ 3475.88,100
3460,13:19:07,$ 3475.0861,200
3461,13:19:06,$ 3475.855,100
3462,13:18:39,$ 3475.0077,100
3463,13:18:39,$ 3476.44,217
3464,13:18:34,$ 3474.41,115
3465,13:18:18,$ 3474.401,200
3466,13:18:18,$ 3474.43,100
3467,13:18:18,$ 3474.428,100
3468,13:18:18,$ 3474.72,100
3470,13:18:18,$ 3475.50,100
3471,13:18:14,$ 3476.305,300
3472,13:18:11,$ 3475.545,100
3473,13:18:11,$ 3476.70,100
3474,13:17:55,$ 3476.1774,100
3475,13:17:40,$ 3475.9738,100
3476,13:17:33,$ 3477.005,100
3477,13:17:29,$ 3477.171,100
3478,13:17:29,$ 3477.005,200
3479,13:17:28,$ 3476.88,340
3480,13:17:25,$ 3477.67,100
3481,13:17:22,$ 3477.00,100
3482,13:17:13,$ 3476.595,100
3483,13:17:12,$ 3476.45,200
3484,13:17:10,$ 3476.0633,100
3485,13:17:08,$ 3475.66,100
3486,13:17:08,$ 3477.00,100
3487,13:16:31,$ 3478.13,100
3488,13:16:30,$ 3477.97,300
3489,13:16:27,$ 3478.02,100
3491,13:16:27,$ 3477.07,100
3492,13:16:27,$ 3477.07,100
3493,13:16:27,$ 3477.15,100
3494,13:16:27,$ 3477.07,100
3495,13:16:27,$ 3477.77,100
3496,13:16:05,$ 3479.24,255
3497,13:16:05,$ 3478.33,100
3498,13:16:05,$ 3479.05,100
3499,13:16:05,$ 3479.30,300
3500,13:16:04,$ 3479.60,100
3501,13:16:04,$ 3479.55,100
3502,13:16:04,$ 3479.54,100
3503,13:16:04,$ 3481.02,100
3504,13:15:29,$ 3481.50,100
3505,13:15:29,$ 3481.50,100
3506,13:15:09,$ 3481.4481,"1,196"
3507,13:15:07,$ 3481.752,800
3508,13:15:00,$ 3481.51,103
3509,13:14:57,$ 3481.875,100
3510,13:14:53,$ 3481.69,200
3512,13:14:51,$ 3482.0899,100
3513,13:14:43,$ 3481.2301,100
3514,13:14:35,$ 3481.62,100
3515,13:14:35,$ 3481.00,100
3516,13:14:35,$ 3481.52,100
3517,13:14:34,$ 3481.9959,100
3518,13:14:28,$ 3481.8563,100
3519,13:14:22,$ 3482.03,307
3520,13:14:22,$ 3482.0814,152
3521,13:14:22,$ 3482.0814,317
3522,13:14:21,$ 3482.845,100
3523,13:14:13,$ 3482.30,100
3524,13:14:04,$ 3483.13,100
3525,13:14:02,$ 3482.90,100
3526,13:13:59,$ 3483.165,100
3527,13:13:59,$ 3482.705,500
3528,13:13:51,$ 3482.62,100
3529,13:13:48,$ 3481.82,100
3530,13:13:48,$ 3481.80,100
3531,13:13:37,$ 3481.89,500
3533,13:13:07,$ 3482.7299,100
3534,13:12:58,$ 3481.98,100
3535,13:12:31,$ 3481.1842,200
3536,13:12:10,$ 3481.00,712
3537,13:12:09,$ 3481.257,100
3538,13:11:52,$ 3480.7234,200
3539,13:11:52,$ 3480.99,100
3540,13:11:50,$ 3480.465,100
3541,13:11:49,$ 3480.49,100
3542,13:11:37,$ 3480.4811,100
3543,13:11:28,$ 3480.9563,245
3544,13:11:26,$ 3480.9776,300
3545,13:11:23,$ 3480.1397,287
3546,13:11:17,$ 3479.997,181
3547,13:11:17,$ 3479.997,287
3548,13:11:16,$ 3480.07,100
3549,13:11:16,$ 3480.00,214
3550,13:11:16,$ 3480.00,140
3551,13:11:16,$ 3480.00,100
3552,13:11:16,$ 3480.00,338
3554,13:11:15,$ 3479.76,100
3555,13:11:09,$ 3478.6952,100
3556,13:10:47,$ 3478.99,221
3557,13:10:47,$ 3479.00,100
3558,13:10:42,$ 3478.775,100
3559,13:10:22,$ 3478.96,100
3560,13:10:17,$ 3479.2633,100
3561,13:10:05,$ 3479.3478,350
3562,13:10:02,$ 3478.7837,100
3563,13:09:55,$ 3478.2677,100
3564,13:09:48,$ 3478.026,100
3565,13:09:48,$ 3478.05,100
3566,13:09:44,$ 3478.0037,100
3567,13:09:42,$ 3478.277,107
3568,13:09:42,$ 3478.39,100
3569,13:09:42,$ 3478.40,100
3570,13:09:38,$ 3478.45,100
3571,13:09:36,$ 3479.1975,100
3572,13:09:33,$ 3479.3212,102
3573,13:09:33,$ 3479.40,287
3575,13:09:30,$ 3479.29,100
3576,13:09:22,$ 3480.1416,259
3577,13:09:21,$ 3479.735,100
3578,13:09:15,$ 3479.7863,108
3579,13:09:15,$ 3479.3157,192
3580,13:09:12,$ 3479.356,500
3581,13:09:00,$ 3478.84,100
3582,13:08:56,$ 3478.859,100
3583,13:08:50,$ 3479.3499,100
3584,13:08:49,$ 3478.9522,100
3585,13:08:47,$ 3479.285,100
3586,13:08:39,$ 3478.16,100
3587,13:08:39,$ 3478.40,100
3588,13:08:39,$ 3478.26,100
3589,13:08:38,$ 3478.98,100
3590,13:08:38,$ 3479.00,120
3591,13:08:38,$ 3478.543,300
3592,13:08:37,$ 3478.75,100
3593,13:08:35,$ 3478.37,100
3594,13:08:35,$ 3478.23,200
3596,13:08:35,$ 3478.16,100
3597,13:08:33,$ 3479.16,100
3598,13:08:30,$ 3479.37,100
3599,13:08:28,$ 3478.1795,100
3600,13:08:26,$ 3478.5384,100
3601,13:08:25,$ 3478.60,100
3602,13:08:25,$ 3479.15,100
3603,13:08:25,$ 3478.11,100
3604,13:08:24,$ 3479.67,500
3605,13:08:22,$ 3480.53,100
3606,13:08:22,$ 3479.49,142
3607,13:08:22,$ 3480.53,100
3608,13:08:22,$ 3480.24,100
3609,13:08:21,$ 3480.905,100
3610,13:08:20,$ 3481.27,150
3611,13:08:20,$ 3481.53,100
3612,13:08:20,$ 3481.52,100
3613,13:08:14,$ 3482.485,100
3614,13:08:12,$ 3481.2801,730
3615,13:08:12,$ 3482.935,100
3617,13:08:12,$ 3483.04,100
3618,13:08:11,$ 3482.01,100
3619,13:08:08,$ 3481.3473,213
3620,13:08:06,$ 3481.825,500
3621,13:07:48,$ 3481.2601,100
3622,13:07:46,$ 3481.3753,100
3623,13:07:43,$ 3481.65,197
3624,13:07:36,$ 3482.355,100
3625,13:07:34,$ 3482.269,147
3626,13:07:28,$ 3482.00,270
3627,13:07:28,$ 3482.28,100
3628,13:07:28,$ 3482.00,100
3629,13:07:28,$ 3481.81,100
3630,13:07:27,$ 3482.715,100
3631,13:07:25,$ 3482.94,100
3632,13:07:25,$ 3482.93,100
3633,13:07:25,$ 3482.88,100
3634,13:07:09,$ 3483.3901,100
3635,13:07:07,$ 3483.48,100
3636,13:07:03,$ 3483.55,100
3638,13:07:03,$ 3483.531,100
3639,13:07:03,$ 3484.035,200
3640,13:06:59,$ 3484.31,100
3641,13:06:59,$ 3484.15,100
3642,13:06:59,$ 3484.10,100
3643,13:06:51,$ 3484.55,300
3644,13:06:43,$ 3485.00,113
3645,13:06:43,$ 3485.05,100
3646,13:06:40,$ 3485.60,100
3647,13:06:37,$ 3485.2418,150
3648,13:06:35,$ 3485.60,100
3649,13:06:35,$ 3485.60,500
3650,13:06:31,$ 3485.8134,286
3651,13:06:28,$ 3485.4098,109
3652,13:06:28,$ 3485.4243,391
3653,13:06:27,$ 3485.49,100
3654,13:06:27,$ 3485.75,200
3655,13:06:27,$ 3486.00,100
3656,13:06:21,$ 3486.445,200
3657,13:06:15,$ 3486.577,283
3659,13:06:13,$ 3486.605,100
3660,13:05:52,$ 3486.68,100
3661,13:05:39,$ 3486.35,100
3662,13:05:38,$ 3486.13,100
3663,13:05:38,$ 3486.03,100
3664,13:05:36,$ 3485.9737,150
3665,13:05:30,$ 3486.225,500
3666,13:05:09,$ 3486.00,100
3667,13:05:03,$ 3485.53,100
3668,13:05:00,$ 3486.16,100
3669,13:04:58,$ 3486.17,100
3670,13:04:57,$ 3485.4901,100
3671,13:04:51,$ 3486.00,140
3672,13:04:49,$ 3485.898,100
3673,13:04:49,$ 3485.898,100
3674,13:04:49,$ 3485.80,100
3675,13:04:39,$ 3486.16,117
3676,13:04:23,$ 3486.47,100
3677,13:04:18,$ 3486.455,200
3678,13:04:07,$ 3486.16,233
3680,13:04:07,$ 3486.16,100
3681,13:04:06,$ 3486.16,100
3682,13:04:06,$ 3486.23,100
3683,13:04:00,$ 3486.73,288
3684,13:03:59,$ 3486.545,250
3685,13:03:38,$ 3485.39,100
3686,13:03:38,$ 3485.49,100
3687,13:03:38,$ 3485.49,100
3688,13:03:38,$ 3485.62,100
3689,13:03:34,$ 3486.00,100
3690,13:03:33,$ 3486.26,300
3691,13:03:33,$ 3486.33,100
3692,13:03:30,$ 3485.975,100
3693,13:03:28,$ 3485.98,109
3694,13:03:18,$ 3485.60,100
3695,13:03:10,$ 3486.30,100
3696,13:03:10,$ 3486.30,100
3697,13:03:09,$ 3486.66,100
3698,13:03:09,$ 3486.69,100
3699,13:03:06,$ 3486.82,100
3701,13:03:03,$ 3486.56,100
3702,13:03:03,$ 3486.99,100
3703,13:03:03,$ 3487.00,185
3704,13:03:03,$ 3487.00,100
3705,13:03:03,$ 3487.00,133
3706,13:03:03,$ 3487.00,478
3707,13:03:00,$ 3486.565,100
3708,13:02:59,$ 3486.13,100
3709,13:02:59,$ 3486.2401,200
3710,13:02:58,$ 3486.565,100
3711,13:02:55,$ 3486.1301,100
3712,13:02:45,$ 3486.90,100
3713,13:02:43,$ 3487.01,100
3714,13:02:35,$ 3486.9899,100
3715,13:02:35,$ 3486.9899,100
3716,13:02:34,$ 3486.0871,194
3717,13:02:33,$ 3486.46,100
3718,13:02:29,$ 3486.45,100
3719,13:02:29,$ 3486.45,286
3720,13:02:29,$ 3486.45,100
3722,13:02:29,$ 3486.62,100
3723,13:02:29,$ 3486.4501,100
3724,13:02:24,$ 3487.60,100
3725,13:02:24,$ 3487.60,100
3726,13:02:19,$ 3487.8942,230
3727,13:02:17,$ 3488.19,100
3728,13:02:09,$ 3488.62,100
3729,13:02:09,$ 3488.41,100
3730,13:02:09,$ 3488.34,100
3731,13:02:09,$ 3488.735,100
3732,13:02:02,$ 3488.753,500
3733,13:02:01,$ 3489.25,231
3734,13:01:54,$ 3489.2501,100
3735,13:01:49,$ 3489.775,200
3736,13:01:49,$ 3490.2999,100
3737,13:01:47,$ 3490.00,180
3738,13:01:47,$ 3490.00,100
3739,13:01:47,$ 3490.00,100
3740,13:01:42,$ 3489.055,100
3741,13:01:34,$ 3489.10,100
3743,13:01:34,$ 3489.00,100
3744,13:01:34,$ 3489.29,100
3745,13:01:34,$ 3489.00,100
3746,13:01:34,$ 3489.31,100
3747,13:01:34,$ 3489.29,100
3748,13:01:34,$ 3489.29,100
3749,13:01:34,$ 3489.44,100
3750,13:01:30,$ 3489.86,157
3751,13:01:29,$ 3490.19,100
3752,13:01:29,$ 3489.855,500
3753,13:01:28,$ 3490.20,195
3754,13:01:28,$ 3490.00,167
3755,13:01:25,$ 3489.60,100
3756,13:01:24,$ 3489.61,100
3757,13:01:18,$ 3489.8658,100
3758,13:01:12,$ 3489.595,100
3759,13:01:08,$ 3489.437,100
3760,13:01:04,$ 3489.615,100
3761,13:01:01,$ 3489.29,100
3762,13:01:01,$ 3489.27,100
3764,13:01:01,$ 3489.27,100
3765,13:00:58,$ 3489.25,100
3766,13:00:56,$ 3489.89,268
3767,13:00:56,$ 3489.99,100
3768,13:00:56,$ 3489.9899,100
3769,13:00:55,$ 3489.80,100
3770,13:00:55,$ 3489.93,100
3771,13:00:54,$ 3489.71,100
3772,13:00:54,$ 3489.72,100
3773,13:00:54,$ 3489.72,100
3774,13:00:54,$ 3489.61,100
3775,13:00:39,$ 3489.01,100
3776,13:00:36,$ 3489.00,200
3777,13:00:33,$ 3489.156,100
3778,13:00:21,$ 3488.66,200
3779,13:00:21,$ 3488.655,100
3780,13:00:18,$ 3488.0401,100
3781,13:00:16,$ 3488.9599,100
3782,13:00:11,$ 3488.46,100
3783,13:00:07,$ 3487.19,200
3785,13:00:06,$ 3488.075,200
3787,13:59:57,$ 3484.3401,100
3788,13:59:53,$ 3484.78,100
3789,13:59:48,$ 3485.16,100
3790,13:59:46,$ 3485.33,100
3791,13:59:24,$ 3485.16,100
3792,13:59:23,$ 3485.5113,500
3793,13:59:19,$ 3485.83,100
3794,13:59:14,$ 3485.035,300
3795,13:59:09,$ 3484.965,100
3796,13:59:06,$ 3485.63,100
3797,13:59:05,$ 3485.13,115
3798,13:58:58,$ 3485.02,100
3799,13:58:55,$ 3484.74,100
3800,13:58:49,$ 3484.74,100
3801,13:58:47,$ 3484.95,100
3802,13:58:43,$ 3484.66,100
3803,13:58:41,$ 3484.66,100
3804,13:58:41,$ 3484.65,100
3805,13:58:02,$ 3484.2075,387
3806,13:57:50,$ 3483.79,400
