,NLS Time (ET),NLS Price,NLS Share Volume
1,09:59:58,$ 3720.19,400
2,09:59:41,$ 3723.59,100
3,09:59:39,$ 3723.5899,100
4,09:59:39,$ 3723.59,100
5,09:59:39,$ 3723.16,200
6,09:59:38,$ 3723.17,100
7,09:59:34,$ 3722.975,110
8,09:59:34,$ 3722.213,500
9,09:59:31,$ 3723.8527,130
10,09:59:25,$ 3721.805,100
11,09:59:23,$ 3723.14,400
12,09:59:21,$ 3724.11,100
13,09:59:17,$ 3723.5957,100
14,09:59:14,$ 3723.685,200
15,09:59:14,$ 3723.69,100
16,09:59:13,$ 3724.3999,100
17,09:59:11,$ 3723.175,110
18,09:59:09,$ 3724.305,100
19,09:59:09,$ 3724.0024,145
20,09:58:59,$ 3721.61,146
22,09:58:58,$ 3722.144,100
23,09:58:53,$ 3722.20,300
24,09:58:49,$ 3721.155,100
25,09:58:49,$ 3721.155,100
26,09:58:48,$ 3721.08,250
27,09:58:44,$ 3720.00,275
28,09:58:22,$ 3718.16,250
29,09:58:16,$ 3717.3901,729
30,09:58:12,$ 3718.2243,"1,000"
31,09:58:08,$ 3718.4732,101
32,09:58:05,$ 3718.90,100
33,09:58:05,$ 3719.00,100
34,09:58:05,$ 3718.20,100
35,09:57:59,$ 3718.495,500
36,09:57:58,$ 3718.14,129
37,09:57:53,$ 3717.59,100
38,09:57:53,$ 3717.30,110
39,09:57:53,$ 3717.27,100
40,09:57:53,$ 3717.27,100
41,09:57:44,$ 3716.45,500
43,09:57:43,$ 3716.55,164
44,09:57:42,$ 3716.42,100
45,09:57:42,$ 3717.05,100
46,09:57:42,$ 3717.54,100
47,09:57:40,$ 3719.34,100
48,09:57:39,$ 3718.955,100
49,09:57:38,$ 3718.56,100
50,09:57:36,$ 3718.56,100
51,09:57:36,$ 3718.56,100
52,09:57:29,$ 3719.19,100
53,09:57:28,$ 3719.345,100
54,09:57:27,$ 3719.08,100
55,09:57:15,$ 3720.049,100
56,09:57:10,$ 3720.03,100
57,09:57:08,$ 3719.405,100
58,09:57:07,$ 3718.58,116
59,09:57:02,$ 3717.63,100
60,09:57:02,$ 3717.51,100
61,09:57:02,$ 3718.21,100
62,09:57:01,$ 3720.40,764
64,09:57:01,$ 3721.56,100
65,09:57:01,$ 3721.9554,200
66,09:56:52,$ 3720.9077,189
67,09:56:52,$ 3721.89,100
68,09:56:52,$ 3721.92,123
69,09:56:52,$ 3721.92,102
70,09:56:52,$ 3721.92,102
71,09:56:50,$ 3722.025,100
72,09:56:50,$ 3721.91,100
73,09:56:49,$ 3721.92,100
74,09:56:44,$ 3722.48,175
75,09:56:44,$ 3721.42,100
76,09:56:44,$ 3722.07,100
77,09:56:32,$ 3723.565,500
78,09:56:31,$ 3721.905,100
79,09:56:23,$ 3721.90,100
80,09:56:22,$ 3721.299,521
81,09:56:22,$ 3721.299,106
82,09:56:22,$ 3721.299,122
83,09:56:22,$ 3722.448,500
85,09:56:17,$ 3723.065,100
86,09:56:17,$ 3723.065,100
87,09:56:16,$ 3724.08,100
88,09:56:16,$ 3723.9954,289
89,09:56:16,$ 3723.1396,277
90,09:56:15,$ 3723.545,100
91,09:56:14,$ 3723.87,100
92,09:56:13,$ 3723.62,100
93,09:56:11,$ 3724.08,100
94,09:56:08,$ 3723.665,100
95,09:56:05,$ 3723.61,100
96,09:56:05,$ 3723.413,100
97,09:56:02,$ 3723.2999,100
98,09:56:02,$ 3723.2999,100
99,09:56:02,$ 3723.30,100
100,09:56:02,$ 3723.30,100
101,09:56:00,$ 3722.61,100
102,09:55:56,$ 3721.745,100
103,09:55:55,$ 3722.42,100
104,09:55:53,$ 3721.51,100
106,09:55:53,$ 3721.51,100
107,09:55:53,$ 3721.0896,100
108,09:55:53,$ 3721.0896,100
109,09:55:53,$ 3721.51,100
110,09:55:52,$ 3721.69,100
111,09:55:51,$ 3721.175,100
112,09:55:51,$ 3721.50,400
113,09:55:51,$ 3721.50,100
114,09:55:51,$ 3721.499,100
115,09:55:51,$ 3721.48,100
116,09:55:51,$ 3721.42,100
117,09:55:50,$ 3720.745,100
118,09:55:46,$ 3720.00,150
119,09:55:45,$ 3719.39,100
120,09:55:44,$ 3719.07,100
121,09:55:43,$ 3718.48,160
122,09:55:43,$ 3717.5701,100
123,09:55:39,$ 3717.56,100
124,09:55:39,$ 3717.57,100
125,09:55:39,$ 3717.58,100
127,09:55:39,$ 3718.135,300
128,09:55:38,$ 3718.34,375
129,09:55:36,$ 3718.02,100
130,09:55:36,$ 3718.0004,227
131,09:55:36,$ 3718.03,100
132,09:55:36,$ 3718.02,100
133,09:55:36,$ 3718.46,100
134,09:55:36,$ 3718.86,150
135,09:55:32,$ 3718.745,250
136,09:55:28,$ 3721.45,100
137,09:55:28,$ 3721.45,200
138,09:55:28,$ 3721.4496,100
139,09:55:21,$ 3719.15,100
140,09:55:19,$ 3719.198,500
141,09:55:15,$ 3720.679,375
142,09:55:15,$ 3720.097,100
143,09:55:11,$ 3721.3599,100
144,09:55:10,$ 3721.111,110
145,09:55:10,$ 3721.33,100
146,09:55:09,$ 3720.835,100
148,09:55:09,$ 3721.31,100
149,09:55:09,$ 3721.28,100
150,09:55:09,$ 3721.30,250
151,09:55:09,$ 3721.30,150
152,09:55:09,$ 3721.14,200
153,09:55:07,$ 3721.79,100
154,09:55:05,$ 3722.53,100
155,09:55:02,$ 3721.60,100
156,09:55:02,$ 3721.60,100
157,09:54:58,$ 3720.64,279
158,09:54:57,$ 3720.51,100
159,09:54:57,$ 3720.51,100
160,09:54:56,$ 3721.71,100
161,09:54:55,$ 3722.12,146
162,09:54:55,$ 3722.41,100
163,09:54:54,$ 3720.76,200
164,09:54:54,$ 3721.05,100
165,09:54:54,$ 3721.08,100
166,09:54:54,$ 3720.79,100
167,09:54:54,$ 3721.05,100
169,09:54:54,$ 3720.87,100
170,09:54:53,$ 3721.05,100
171,09:54:53,$ 3720.7332,200
172,09:54:53,$ 3720.00,100
173,09:54:53,$ 3719.32,200
174,09:54:53,$ 3719.37,200
175,09:54:53,$ 3718.95,100
176,09:54:53,$ 3719.73,100
177,09:54:53,$ 3719.60,100
178,09:54:53,$ 3719.60,100
179,09:54:53,$ 3719.55,100
180,09:54:53,$ 3719.64,100
181,09:54:49,$ 3717.55,100
182,09:54:49,$ 3717.72,100
183,09:54:49,$ 3717.72,100
184,09:54:49,$ 3717.445,100
185,09:54:46,$ 3717.00,100
186,09:54:46,$ 3717.00,100
187,09:54:46,$ 3717.222,287
188,09:54:46,$ 3716.79,100
190,09:54:45,$ 3717.00,200
191,09:54:45,$ 3716.54,100
192,09:54:45,$ 3716.54,100
193,09:54:45,$ 3716.54,100
194,09:54:45,$ 3716.45,100
195,09:54:45,$ 3716.54,100
196,09:54:45,$ 3716.45,300
197,09:54:44,$ 3715.77,100
198,09:54:44,$ 3715.77,100
199,09:54:42,$ 3714.31,100
200,09:54:39,$ 3715.82,500
201,09:54:37,$ 3715.7408,100
202,09:54:35,$ 3715.04,110
203,09:54:33,$ 3716.11,171
204,09:54:33,$ 3716.97,100
205,09:54:32,$ 3717.05,100
206,09:54:32,$ 3717.06,100
207,09:54:31,$ 3715.7399,100
208,09:54:24,$ 3713.37,100
209,09:54:24,$ 3713.13,100
211,09:54:22,$ 3712.28,200
212,09:54:22,$ 3712.57,100
213,09:54:21,$ 3712.51,100
214,09:54:21,$ 3712.69,100
215,09:54:20,$ 3712.69,100
216,09:54:19,$ 3712.71,300
217,09:54:17,$ 3712.98,100
218,09:54:17,$ 3713.01,100
219,09:54:17,$ 3713.18,143
220,09:54:17,$ 3713.00,245
221,09:54:16,$ 3714.22,200
222,09:54:05,$ 3712.655,100
223,09:54:03,$ 3713.6096,200
224,09:54:03,$ 3713.55,100
225,09:54:03,$ 3713.55,192
226,09:54:00,$ 3713.345,100
227,09:54:00,$ 3713.6955,200
228,09:54:00,$ 3713.59,100
229,09:53:57,$ 3712.8791,200
230,09:53:54,$ 3712.555,200
232,09:53:53,$ 3712.845,100
233,09:53:53,$ 3712.4875,100
234,09:53:53,$ 3712.855,100
235,09:53:52,$ 3712.99,100
236,09:53:46,$ 3713.888,500
237,09:53:46,$ 3713.53,100
238,09:53:43,$ 3713.496,100
239,09:53:41,$ 3714.00,100
240,09:53:41,$ 3713.99,200
241,09:53:41,$ 3714.01,200
242,09:53:41,$ 3714.01,270
243,09:53:38,$ 3712.3597,100
244,09:53:37,$ 3712.99,300
245,09:53:37,$ 3712.99,100
246,09:53:36,$ 3713.02,100
247,09:53:36,$ 3713.09,200
248,09:53:35,$ 3713.035,100
249,09:53:35,$ 3713.00,100
250,09:53:33,$ 3712.90,125
251,09:53:33,$ 3713.07,100
253,09:53:33,$ 3713.20,100
254,09:53:23,$ 3713.26,197
255,09:53:21,$ 3714.06,100
256,09:53:21,$ 3713.17,100
257,09:53:21,$ 3713.22,100
258,09:53:20,$ 3712.69,100
259,09:53:20,$ 3712.52,100
260,09:53:19,$ 3712.155,100
261,09:53:18,$ 3712.165,100
262,09:53:18,$ 3713.00,150
263,09:53:16,$ 3711.03,100
264,09:53:16,$ 3711.03,100
265,09:53:16,$ 3711.03,100
266,09:53:13,$ 3711.71,100
267,09:53:13,$ 3711.94,"1,224"
268,09:53:13,$ 3711.70,188
269,09:53:12,$ 3711.70,180
270,09:53:12,$ 3712.487,500
271,09:53:12,$ 3712.0001,100
272,09:53:12,$ 3712.00,100
274,09:53:12,$ 3712.0001,500
275,09:53:12,$ 3712.65,500
276,09:53:11,$ 3712.1307,500
277,09:53:11,$ 3712.00,500
278,09:53:10,$ 3713.866,100
279,09:53:10,$ 3713.57,250
280,09:53:09,$ 3713.78,100
281,09:53:08,$ 3714.8599,100
282,09:53:07,$ 3713.9525,100
283,09:53:07,$ 3714.00,100
284,09:53:07,$ 3714.615,500
285,09:53:06,$ 3714.73,100
286,09:53:05,$ 3715.0834,116
287,09:53:05,$ 3715.0834,201
288,09:53:05,$ 3715.178,100
289,09:53:05,$ 3714.58,100
290,09:53:03,$ 3718.0415,100
291,09:53:00,$ 3717.00,150
292,09:52:59,$ 3717.50,100
293,09:52:57,$ 3718.8572,100
295,09:52:55,$ 3719.2757,100
296,09:52:55,$ 3719.2758,100
297,09:52:55,$ 3718.34,100
298,09:52:55,$ 3720.1685,120
299,09:52:53,$ 3717.85,100
300,09:52:51,$ 3719.80,500
301,09:52:50,$ 3718.75,315
302,09:52:50,$ 3718.86,100
303,09:52:50,$ 3717.94,100
304,09:52:49,$ 3718.545,500
305,09:52:49,$ 3718.80,100
306,09:52:49,$ 3718.80,100
307,09:52:49,$ 3718.80,100
308,09:52:49,$ 3718.80,100
309,09:52:49,$ 3718.50,200
310,09:52:47,$ 3716.41,115
311,09:52:44,$ 3718.12,100
312,09:52:39,$ 3717.35,100
313,09:52:38,$ 3718.13,250
314,09:52:37,$ 3718.1231,200
316,09:52:36,$ 3718.74,461
317,09:52:36,$ 3718.27,100
318,09:52:36,$ 3718.27,100
319,09:52:36,$ 3718.27,100
320,09:52:36,$ 3718.27,100
321,09:52:36,$ 3718.27,100
322,09:52:36,$ 3716.96,238
323,09:52:36,$ 3717.46,100
324,09:52:36,$ 3716.685,100
325,09:52:36,$ 3717.82,100
326,09:52:36,$ 3717.345,100
327,09:52:31,$ 3719.0433,100
328,09:52:30,$ 3718.17,100
329,09:52:29,$ 3718.14,100
330,09:52:29,$ 3718.00,100
331,09:52:29,$ 3718.85,110
332,09:52:27,$ 3720.00,125
333,09:52:27,$ 3720.00,100
334,09:52:26,$ 3720.645,100
335,09:52:23,$ 3721.00,424
337,09:52:23,$ 3721.00,144
338,09:52:23,$ 3721.00,117
339,09:52:23,$ 3721.00,100
340,09:52:23,$ 3721.00,537
341,09:52:23,$ 3721.00,100
342,09:52:23,$ 3721.00,302
343,09:52:23,$ 3721.04,100
344,09:52:23,$ 3721.31,100
345,09:52:23,$ 3721.31,300
346,09:52:23,$ 3721.15,268
347,09:52:23,$ 3721.15,"1,761"
348,09:52:23,$ 3721.10,100
349,09:52:23,$ 3721.16,100
350,09:52:23,$ 3721.34,100
351,09:52:23,$ 3722.00,100
352,09:52:23,$ 3722.82,100
353,09:52:22,$ 3724.0399,300
354,09:52:21,$ 3723.03,200
355,09:52:17,$ 3724.81,300
356,09:52:12,$ 3724.4899,110
358,09:52:10,$ 3724.37,100
359,09:52:06,$ 3723.015,150
360,09:52:05,$ 3722.88,100
361,09:52:04,$ 3722.065,100
362,09:52:00,$ 3722.215,250
363,09:52:00,$ 3721.29,469
364,09:52:00,$ 3722.40,100
365,09:52:00,$ 3722.39,100
366,09:52:00,$ 3722.0958,100
367,09:52:00,$ 3722.1058,100
368,09:52:00,$ 3722.0558,100
369,09:52:00,$ 3722.0958,100
370,09:52:00,$ 3722.1058,100
371,09:52:00,$ 3722.0958,100
372,09:52:00,$ 3722.39,100
373,09:52:00,$ 3722.40,100
374,09:52:00,$ 3721.8158,100
375,09:52:00,$ 3721.8158,100
376,09:52:00,$ 3722.11,100
377,09:52:00,$ 3722.45,100
379,09:51:58,$ 3722.19,100
380,09:51:57,$ 3722.12,100
381,09:51:56,$ 3722.00,100
382,09:51:54,$ 3723.74,100
383,09:51:49,$ 3721.775,100
384,09:51:47,$ 3721.58,"1,000"
385,09:51:43,$ 3721.80,100
386,09:51:43,$ 3723.5951,500
387,09:51:40,$ 3722.8224,110
388,09:51:38,$ 3724.49,100
389,09:51:36,$ 3724.87,167
390,09:51:32,$ 3724.92,100
391,09:51:32,$ 3724.65,200
392,09:51:32,$ 3724.92,100
393,09:51:32,$ 3724.92,100
394,09:51:32,$ 3724.115,900
395,09:51:30,$ 3724.6344,110
396,09:51:30,$ 3723.725,150
397,09:51:29,$ 3724.99,500
398,09:51:28,$ 3724.3199,900
400,09:51:28,$ 3725.00,100
401,09:51:27,$ 3724.30,380
402,09:51:27,$ 3724.30,100
403,09:51:27,$ 3723.20,100
404,09:51:27,$ 3723.25,100
405,09:51:27,$ 3723.20,100
406,09:51:24,$ 3721.1901,"1,000"
407,09:51:23,$ 3722.535,"1,000"
408,09:51:22,$ 3724.49,279
409,09:51:22,$ 3724.4803,279
410,09:51:22,$ 3723.85,150
411,09:51:22,$ 3723.93,100
412,09:51:18,$ 3722.4168,199
413,09:51:17,$ 3721.55,100
414,09:51:17,$ 3721.68,100
415,09:51:17,$ 3721.61,200
416,09:51:17,$ 3721.57,100
417,09:51:16,$ 3722.65,100
418,09:51:16,$ 3722.65,100
419,09:51:16,$ 3722.42,100
421,09:51:14,$ 3721.78,100
422,09:51:12,$ 3721.55,100
423,09:51:11,$ 3721.36,500
424,09:51:10,$ 3721.69,100
425,09:51:09,$ 3720.825,500
426,09:51:08,$ 3720.93,500
427,09:51:06,$ 3721.1904,500
428,09:51:05,$ 3720.7055,138
429,09:51:05,$ 3720.7055,112
430,09:51:04,$ 3720.25,100
431,09:51:03,$ 3720.00,100
432,09:51:01,$ 3721.145,176
433,09:51:00,$ 3721.50,100
434,09:51:00,$ 3721.00,250
435,09:50:59,$ 3720.6457,231
436,09:50:59,$ 3720.6457,208
437,09:50:58,$ 3720.9695,250
438,09:50:57,$ 3721.62,200
439,09:50:57,$ 3721.90,100
440,09:50:57,$ 3722.99,100
442,09:50:55,$ 3723.00,100
443,09:50:55,$ 3722.4861,100
444,09:50:52,$ 3722.665,100
445,09:50:51,$ 3722.96,100
446,09:50:49,$ 3723.65,200
447,09:50:49,$ 3722.3905,250
448,09:50:48,$ 3721.88,100
449,09:50:46,$ 3721.6111,100
450,09:50:41,$ 3721.0221,100
451,09:50:40,$ 3721.75,100
452,09:50:40,$ 3721.15,100
453,09:50:35,$ 3719.48,270
454,09:50:34,$ 3721.7499,120
455,09:50:34,$ 3720.05,100
456,09:50:31,$ 3721.1768,180
457,09:50:30,$ 3721.1326,"1,000"
458,09:50:30,$ 3721.43,100
459,09:50:30,$ 3721.37,100
460,09:50:23,$ 3721.43,100
461,09:50:21,$ 3719.69,300
463,09:50:21,$ 3719.69,100
464,09:50:21,$ 3719.99,100
465,09:50:20,$ 3718.58,100
466,09:50:19,$ 3719.22,100
467,09:50:17,$ 3717.591,200
468,09:50:17,$ 3718.50,100
469,09:50:16,$ 3717.735,124
470,09:50:15,$ 3718.6899,100
471,09:50:14,$ 3717.80,500
472,09:50:14,$ 3718.34,100
473,09:50:13,$ 3719.50,150
474,09:50:13,$ 3717.335,100
475,09:50:12,$ 3720.58,100
476,09:50:12,$ 3720.00,100
477,09:50:11,$ 3720.9588,250
478,09:50:09,$ 3721.7333,100
479,09:50:07,$ 3722.82,100
480,09:50:07,$ 3722.78,100
481,09:50:07,$ 3724.06,100
482,09:50:06,$ 3723.7204,118
484,09:50:04,$ 3724.155,100
485,09:50:04,$ 3723.66,100
486,09:50:04,$ 3725.29,100
487,09:50:04,$ 3725.00,190
488,09:50:04,$ 3724.00,100
489,09:50:03,$ 3726.4572,100
490,09:50:03,$ 3725.98,200
491,09:50:03,$ 3726.22,100
492,09:50:00,$ 3727.018,212
493,09:50:00,$ 3727.018,185
494,09:50:00,$ 3728.0999,100
495,09:50:00,$ 3728.58,100
496,09:49:59,$ 3729.1742,100
497,09:49:56,$ 3730.83,500
498,09:49:56,$ 3730.23,100
499,09:49:53,$ 3730.985,"1,000"
500,09:49:51,$ 3730.05,100
501,09:49:51,$ 3730.00,100
502,09:49:50,$ 3731.28,200
503,09:49:47,$ 3732.28,100
505,09:49:45,$ 3732.00,100
506,09:49:44,$ 3731.26,100
507,09:49:39,$ 3732.579,100
508,09:49:39,$ 3732.55,273
509,09:49:35,$ 3732.8059,500
510,09:49:33,$ 3732.985,250
511,09:49:33,$ 3733.1499,100
512,09:49:33,$ 3732.305,100
513,09:49:33,$ 3732.305,600
514,09:49:32,$ 3733.16,175
515,09:49:32,$ 3733.16,600
516,09:49:32,$ 3733.16,389
517,09:49:32,$ 3733.655,100
518,09:49:31,$ 3734.15,100
519,09:49:31,$ 3734.20,100
520,09:49:23,$ 3733.78,100
521,09:49:23,$ 3732.9216,150
522,09:49:22,$ 3733.395,267
523,09:49:21,$ 3732.84,100
524,09:49:20,$ 3731.0625,100
526,09:49:19,$ 3731.86,500
527,09:49:18,$ 3731.555,500
528,09:49:17,$ 3732.145,148
529,09:49:17,$ 3731.4838,267
530,09:49:16,$ 3729.6499,110
531,09:49:16,$ 3729.01,120
532,09:49:16,$ 3729.887,268
533,09:49:15,$ 3730.27,100
534,09:49:14,$ 3730.43,100
535,09:49:14,$ 3732.08,100
536,09:49:11,$ 3732.785,100
537,09:49:08,$ 3732.70,100
538,09:49:08,$ 3732.255,500
539,09:49:06,$ 3733.603,500
540,09:49:05,$ 3732.0201,100
541,09:49:05,$ 3733.8345,100
542,09:49:04,$ 3734.20,100
543,09:49:03,$ 3734.00,216
544,09:49:03,$ 3734.00,100
545,09:49:03,$ 3734.00,196
547,09:49:03,$ 3734.00,100
548,09:49:03,$ 3734.00,100
549,09:49:02,$ 3733.04,100
550,09:49:02,$ 3733.19,100
551,09:49:02,$ 3733.11,100
552,09:49:02,$ 3733.05,208
553,09:49:02,$ 3733.08,100
554,09:49:00,$ 3733.97,144
555,09:48:59,$ 3733.20,100
556,09:48:59,$ 3732.555,190
557,09:48:59,$ 3733.00,100
558,09:48:59,$ 3732.881,178
559,09:48:58,$ 3732.8199,133
560,09:48:58,$ 3732.79,100
561,09:48:57,$ 3732.1201,200
562,09:48:56,$ 3732.89,100
563,09:48:56,$ 3732.095,363
564,09:48:56,$ 3732.095,137
565,09:48:56,$ 3731.735,161
566,09:48:54,$ 3732.5962,100
568,09:48:54,$ 3732.00,454
569,09:48:54,$ 3732.00,104
570,09:48:54,$ 3731.99,100
571,09:48:53,$ 3731.97,100
572,09:48:52,$ 3731.70,100
573,09:48:52,$ 3731.26,100
574,09:48:50,$ 3731.26,100
575,09:48:50,$ 3730.51,190
576,09:48:48,$ 3731.22,100
577,09:48:46,$ 3729.477,125
578,09:48:44,$ 3730.99,910
579,09:48:43,$ 3730.26,100
580,09:48:43,$ 3730.00,654
581,09:48:43,$ 3729.729,135
582,09:48:43,$ 3729.44,200
583,09:48:43,$ 3729.44,100
584,09:48:42,$ 3729.00,200
585,09:48:42,$ 3728.42,100
586,09:48:42,$ 3728.00,458
587,09:48:42,$ 3728.00,133
589,09:48:41,$ 3726.96,100
590,09:48:39,$ 3725.91,100
591,09:48:36,$ 3725.8698,113
592,09:48:36,$ 3725.00,102
593,09:48:35,$ 3726.095,100
594,09:48:35,$ 3726.66,100
595,09:48:35,$ 3726.60,100
596,09:48:35,$ 3725.98,100
597,09:48:35,$ 3726.32,100
598,09:48:35,$ 3725.99,100
599,09:48:35,$ 3725.98,100
600,09:48:35,$ 3725.98,100
601,09:48:34,$ 3725.665,100
602,09:48:34,$ 3725.665,100
603,09:48:34,$ 3725.5175,100
604,09:48:34,$ 3725.105,100
605,09:48:32,$ 3725.4415,110
606,09:48:31,$ 3725.295,100
607,09:48:31,$ 3725.295,100
608,09:48:31,$ 3725.295,100
610,09:48:31,$ 3725.41,296
611,09:48:29,$ 3724.0401,150
612,09:48:28,$ 3724.97,300
613,09:48:25,$ 3725.51,175
614,09:48:25,$ 3724.985,100
615,09:48:24,$ 3725.9799,125
616,09:48:22,$ 3725.4073,200
617,09:48:22,$ 3725.33,100
618,09:48:22,$ 3725.32,100
619,09:48:22,$ 3724.945,100
620,09:48:22,$ 3724.03,100
621,09:48:20,$ 3723.6375,100
622,09:48:20,$ 3723.6375,100
623,09:48:20,$ 3723.56,100
624,09:48:19,$ 3723.95,100
625,09:48:18,$ 3724.49,100
626,09:48:16,$ 3723.63,250
627,09:48:16,$ 3723.85,100
628,09:48:16,$ 3724.43,200
629,09:48:16,$ 3724.00,100
631,09:48:13,$ 3724.54,100
632,09:48:12,$ 3724.585,250
633,09:48:07,$ 3724.41,100
634,09:48:06,$ 3724.455,100
635,09:48:06,$ 3724.455,100
636,09:48:00,$ 3724.87,100
637,09:48:00,$ 3724.87,100
638,09:47:55,$ 3724.0874,100
639,09:47:54,$ 3722.91,100
640,09:47:54,$ 3722.91,100
641,09:47:54,$ 3722.91,100
642,09:47:50,$ 3723.68,100
643,09:47:46,$ 3725.18,300
644,09:47:46,$ 3725.00,100
645,09:47:46,$ 3724.629,200
646,09:47:46,$ 3724.63,100
647,09:47:41,$ 3724.37,100
648,09:47:41,$ 3724.37,100
649,09:47:41,$ 3724.37,100
650,09:47:39,$ 3722.00,100
652,09:47:34,$ 3721.9681,100
653,09:47:26,$ 3724.51,100
654,09:47:25,$ 3724.405,100
655,09:47:25,$ 3724.40,100
656,09:47:25,$ 3723.9813,100
657,09:47:23,$ 3724.6999,100
658,09:47:22,$ 3724.03,100
659,09:47:19,$ 3725.05,100
660,09:47:19,$ 3725.01,100
661,09:47:18,$ 3725.705,300
662,09:47:17,$ 3725.707,500
663,09:47:15,$ 3725.99,100
664,09:47:15,$ 3725.96,100
665,09:47:15,$ 3725.96,100
666,09:47:15,$ 3725.49,100
667,09:47:15,$ 3725.46,100
668,09:47:15,$ 3725.7699,100
669,09:47:14,$ 3726.00,100
670,09:47:14,$ 3726.00,681
671,09:47:14,$ 3724.4819,367
673,09:47:14,$ 3725.599,100
674,09:47:14,$ 3725.599,100
675,09:47:14,$ 3725.30,100
676,09:47:13,$ 3725.00,100
677,09:47:13,$ 3725.325,100
678,09:47:13,$ 3725.00,100
679,09:47:13,$ 3725.00,100
680,09:47:13,$ 3725.00,100
681,09:47:13,$ 3725.00,173
682,09:47:13,$ 3725.00,100
683,09:47:13,$ 3725.00,574
684,09:47:13,$ 3724.81,100
685,09:47:12,$ 3724.30,297
686,09:47:12,$ 3724.6874,100
687,09:47:12,$ 3724.30,100
688,09:47:11,$ 3724.2934,625
689,09:47:08,$ 3724.175,100
690,09:47:07,$ 3724.00,661
691,09:47:05,$ 3722.57,100
692,09:47:05,$ 3722.58,100
694,09:47:03,$ 3723.095,100
695,09:47:03,$ 3721.77,100
696,09:47:03,$ 3722.94,100
697,09:47:01,$ 3723.355,100
698,09:47:01,$ 3722.945,100
699,09:47:00,$ 3722.3883,100
700,09:47:00,$ 3723.62,100
701,09:47:00,$ 3723.00,214
702,09:46:58,$ 3722.2763,270
703,09:46:57,$ 3722.29,200
704,09:46:57,$ 3722.00,100
705,09:46:57,$ 3722.00,100
706,09:46:57,$ 3721.8699,100
707,09:46:56,$ 3721.347,209
708,09:46:56,$ 3721.5345,100
709,09:46:55,$ 3721.19,100
710,09:46:55,$ 3720.986,200
711,09:46:55,$ 3720.5999,100
712,09:46:55,$ 3720.60,100
713,09:46:55,$ 3720.5999,100
715,09:46:52,$ 3719.90,100
716,09:46:52,$ 3719.4849,268
717,09:46:52,$ 3719.4849,426
718,09:46:52,$ 3718.68,100
719,09:46:52,$ 3719.18,100
720,09:46:52,$ 3719.075,100
721,09:46:52,$ 3719.03,100
722,09:46:52,$ 3718.465,300
723,09:46:52,$ 3718.465,200
724,09:46:52,$ 3718.958,125
725,09:46:52,$ 3718.75,100
726,09:46:52,$ 3718.804,100
727,09:46:51,$ 3719.472,100
728,09:46:51,$ 3718.345,661
729,09:46:51,$ 3718.60,100
730,09:46:50,$ 3718.34,125
731,09:46:48,$ 3719.4899,250
732,09:46:48,$ 3717.60,100
733,09:46:47,$ 3717.7896,250
734,09:46:46,$ 3716.45,100
736,09:46:41,$ 3715.9977,100
737,09:46:41,$ 3715.98,100
738,09:46:38,$ 3715.00,252
739,09:46:38,$ 3715.6916,224
740,09:46:38,$ 3715.6916,312
741,09:46:35,$ 3715.2144,110
742,09:46:31,$ 3715.89,100
743,09:46:31,$ 3715.52,100
744,09:46:26,$ 3716.025,100
745,09:46:25,$ 3716.77,100
746,09:46:22,$ 3716.40,250
747,09:46:20,$ 3716.32,250
748,09:46:19,$ 3715.84,220
749,09:46:18,$ 3715.9782,150
750,09:46:16,$ 3715.6914,240
751,09:46:16,$ 3715.53,100
752,09:46:16,$ 3715.994,100
753,09:46:16,$ 3715.73,100
754,09:46:16,$ 3715.74,100
755,09:46:16,$ 3715.24,100
757,09:46:15,$ 3715.995,"1,000"
758,09:46:14,$ 3715.3425,100
759,09:46:14,$ 3715.465,100
760,09:46:14,$ 3715.4525,100
761,09:46:14,$ 3715.20,100
762,09:46:14,$ 3715.17,100
763,09:46:13,$ 3716.7999,125
764,09:46:12,$ 3716.80,100
765,09:46:11,$ 3715.96,200
766,09:46:07,$ 3715.53,100
767,09:46:03,$ 3716.09,110
768,09:46:02,$ 3715.56,100
769,09:46:01,$ 3715.61,100
770,09:46:00,$ 3716.00,119
771,09:46:00,$ 3716.15,100
772,09:46:00,$ 3716.22,100
773,09:46:00,$ 3716.72,"1,000"
774,09:46:00,$ 3716.62,100
775,09:46:00,$ 3716.62,100
776,09:45:59,$ 3716.62,100
778,09:45:59,$ 3716.62,100
779,09:45:59,$ 3716.62,100
780,09:45:59,$ 3716.91,100
781,09:45:59,$ 3716.91,100
782,09:45:58,$ 3716.67,100
783,09:45:56,$ 3715.80,100
784,09:45:54,$ 3716.55,"1,000"
785,09:45:53,$ 3716.00,100
786,09:45:52,$ 3715.00,100
787,09:45:50,$ 3714.725,100
788,09:45:50,$ 3714.535,100
789,09:45:50,$ 3714.535,100
790,09:45:50,$ 3714.535,300
791,09:45:49,$ 3714.735,900
792,09:45:48,$ 3715.51,300
793,09:45:41,$ 3715.53,100
794,09:45:41,$ 3715.01,200
795,09:45:41,$ 3715.36,200
796,09:45:40,$ 3715.34,100
797,09:45:40,$ 3715.44,100
799,09:45:40,$ 3715.465,100
800,09:45:40,$ 3715.365,100
801,09:45:40,$ 3715.17,100
802,09:45:40,$ 3715.07,100
803,09:45:39,$ 3715.025,100
804,09:45:39,$ 3715.045,100
805,09:45:39,$ 3715.71,100
806,09:45:36,$ 3715.53,100
807,09:45:36,$ 3715.26,100
808,09:45:35,$ 3715.26,153
809,09:45:33,$ 3715.445,200
810,09:45:33,$ 3715.22,100
811,09:45:33,$ 3715.07,100
812,09:45:30,$ 3715.52,267
813,09:45:30,$ 3715.43,302
814,09:45:29,$ 3715.70,100
815,09:45:26,$ 3715.4301,250
816,09:45:25,$ 3716.15,100
817,09:45:25,$ 3715.9638,200
818,09:45:24,$ 3715.4772,100
820,09:45:24,$ 3715.42,100
821,09:45:24,$ 3715.42,200
822,09:45:23,$ 3715.53,100
823,09:45:20,$ 3716.175,625
824,09:45:17,$ 3715.81,100
825,09:45:17,$ 3715.1525,240
826,09:45:17,$ 3715.00,100
827,09:45:17,$ 3715.00,100
828,09:45:17,$ 3715.00,100
829,09:45:17,$ 3715.00,100
830,09:45:17,$ 3715.00,144
831,09:45:17,$ 3715.2549,100
832,09:45:16,$ 3716.2505,244
833,09:45:16,$ 3716.2505,199
834,09:45:16,$ 3715.98,340
835,09:45:16,$ 3716.519,100
836,09:45:16,$ 3716.519,100
837,09:45:16,$ 3716.519,100
838,09:45:15,$ 3717.54,101
839,09:45:13,$ 3717.71,200
841,09:45:04,$ 3719.445,100
842,09:45:00,$ 3718.72,100
843,09:45:00,$ 3718.65,100
844,09:44:59,$ 3719.22,100
845,09:44:54,$ 3719.2099,100
846,09:44:49,$ 3718.29,100
847,09:44:48,$ 3718.5072,100
848,09:44:48,$ 3718.605,300
849,09:44:48,$ 3718.39,100
850,09:44:48,$ 3718.44,100
851,09:44:48,$ 3718.39,100
852,09:44:48,$ 3719.15,100
853,09:44:47,$ 3719.82,"1,000"
854,09:44:44,$ 3719.675,200
855,09:44:43,$ 3720.05,100
856,09:44:43,$ 3720.03,100
857,09:44:43,$ 3720.05,100
858,09:44:43,$ 3720.05,100
859,09:44:43,$ 3720.16,200
860,09:44:38,$ 3720.01,300
862,09:44:37,$ 3720.131,500
863,09:44:36,$ 3721.5699,100
864,09:44:32,$ 3720.74,100
865,09:44:31,$ 3720.905,186
866,09:44:27,$ 3720.0001,100
867,09:44:26,$ 3720.995,110
868,09:44:24,$ 3721.2531,120
869,09:44:22,$ 3721.4868,100
870,09:44:21,$ 3721.345,100
871,09:44:20,$ 3721.345,200
872,09:44:18,$ 3721.55,148
873,09:44:15,$ 3722.00,100
874,09:44:14,$ 3720.855,100
875,09:44:14,$ 3721.87,100
876,09:44:14,$ 3721.19,100
877,09:44:13,$ 3721.4219,263
878,09:44:13,$ 3721.4219,134
879,09:44:13,$ 3720.16,200
880,09:44:12,$ 3720.17,145
881,09:44:10,$ 3719.66,100
883,09:44:07,$ 3720.24,500
884,09:44:07,$ 3719.1501,100
885,09:44:05,$ 3719.775,250
886,09:44:05,$ 3720.30,100
887,09:44:05,$ 3720.30,183
888,09:44:05,$ 3720.6525,100
889,09:44:01,$ 3720.1926,150
890,09:44:01,$ 3720.24,100
891,09:43:59,$ 3721.27,100
892,09:43:58,$ 3720.94,100
893,09:43:56,$ 3719.42,100
894,09:43:55,$ 3719.18,100
895,09:43:50,$ 3719.44,100
896,09:43:48,$ 3718.14,100
897,09:43:48,$ 3717.99,100
898,09:43:47,$ 3718.77,100
899,09:43:47,$ 3718.73,100
900,09:43:46,$ 3718.88,100
901,09:43:46,$ 3718.20,100
902,09:43:46,$ 3718.32,100
904,09:43:43,$ 3717.3475,100
905,09:43:34,$ 3717.645,100
906,09:43:33,$ 3718.70,100
907,09:43:33,$ 3718.64,100
908,09:43:33,$ 3718.65,100
909,09:43:31,$ 3717.405,325
910,09:43:31,$ 3717.43,100
911,09:43:31,$ 3717.43,100
912,09:43:31,$ 3717.43,100
913,09:43:28,$ 3718.12,100
914,09:43:27,$ 3718.065,100
915,09:43:25,$ 3718.46,100
916,09:43:21,$ 3717.52,200
917,09:43:20,$ 3717.8015,200
918,09:43:20,$ 3718.40,500
919,09:43:18,$ 3716.88,125
920,09:43:17,$ 3716.21,100
921,09:43:15,$ 3716.87,"1,000"
922,09:43:14,$ 3717.54,150
923,09:43:14,$ 3718.03,400
925,09:43:14,$ 3717.77,100
926,09:43:14,$ 3717.44,100
927,09:43:14,$ 3717.77,100
928,09:43:14,$ 3717.67,100
929,09:43:14,$ 3717.44,100
930,09:43:14,$ 3718.13,698
931,09:43:13,$ 3717.10,100
932,09:43:13,$ 3717.15,100
933,09:43:11,$ 3715.49,100
934,09:43:11,$ 3716.105,100
935,09:43:10,$ 3715.70,100
936,09:43:10,$ 3715.67,100
937,09:43:10,$ 3716.46,100
938,09:43:10,$ 3717.00,100
939,09:43:08,$ 3717.0299,200
940,09:43:04,$ 3715.06,100
941,09:43:04,$ 3715.53,100
942,09:43:00,$ 3716.97,100
943,09:43:00,$ 3716.67,100
944,09:42:59,$ 3715.06,100
946,09:42:55,$ 3714.59,100
947,09:42:52,$ 3713.4501,100
948,09:42:51,$ 3715.0601,100
949,09:42:51,$ 3715.58,100
950,09:42:51,$ 3715.775,100
951,09:42:51,$ 3715.45,100
952,09:42:51,$ 3715.97,100
953,09:42:50,$ 3715.446,250
954,09:42:49,$ 3716.67,110
955,09:42:49,$ 3715.8299,125
956,09:42:47,$ 3715.74,100
957,09:42:45,$ 3714.70,100
958,09:42:42,$ 3714.10,100
959,09:42:39,$ 3714.3341,100
960,09:42:39,$ 3714.51,100
961,09:42:39,$ 3713.40,165
962,09:42:39,$ 3713.16,100
963,09:42:38,$ 3713.52,100
964,09:42:38,$ 3713.40,100
965,09:42:35,$ 3714.40,100
967,09:42:35,$ 3714.51,107
968,09:42:35,$ 3714.51,119
969,09:42:32,$ 3714.46,200
970,09:42:31,$ 3713.68,200
971,09:42:31,$ 3713.68,100
972,09:42:30,$ 3713.54,100
973,09:42:29,$ 3713.03,100
974,09:42:29,$ 3712.64,100
975,09:42:29,$ 3713.564,250
976,09:42:29,$ 3713.3506,125
977,09:42:28,$ 3714.195,500
978,09:42:27,$ 3714.82,100
979,09:42:27,$ 3714.82,100
980,09:42:27,$ 3715.00,100
981,09:42:27,$ 3715.79,100
982,09:42:25,$ 3715.986,250
983,09:42:23,$ 3717.005,100
984,09:42:21,$ 3715.2934,400
985,09:42:20,$ 3715.90,100
986,09:42:19,$ 3715.87,100
988,09:42:16,$ 3716.99,100
989,09:42:16,$ 3716.71,100
990,09:42:16,$ 3716.09,150
991,09:42:16,$ 3716.71,100
992,09:42:16,$ 3716.6068,100
993,09:42:16,$ 3716.498,100
994,09:42:16,$ 3716.48,200
995,09:42:16,$ 3716.74,100
996,09:42:15,$ 3716.39,125
997,09:42:15,$ 3716.595,100
998,09:42:15,$ 3715.665,"1,000"
999,09:42:13,$ 3717.12,100
1000,09:42:12,$ 3717.40,100
1001,09:42:11,$ 3718.00,573
1002,09:42:11,$ 3718.00,106
1003,09:42:11,$ 3718.00,127
1004,09:42:08,$ 3718.815,100
1005,09:42:08,$ 3719.1496,500
1006,09:42:07,$ 3718.6127,100
1007,09:42:05,$ 3717.00,100
1009,09:42:05,$ 3717.00,132
1010,09:42:05,$ 3717.00,100
1011,09:42:04,$ 3717.05,100
1012,09:42:04,$ 3717.0501,100
1013,09:42:03,$ 3717.8267,100
1014,09:42:02,$ 3717.97,100
1015,09:42:02,$ 3718.57,100
1016,09:41:56,$ 3719.51,100
1017,09:41:55,$ 3718.78,100
1018,09:41:50,$ 3719.135,100
1019,09:41:49,$ 3719.50,100
1020,09:41:46,$ 3721.00,197
1021,09:41:46,$ 3721.00,100
1022,09:41:46,$ 3721.00,284
1023,09:41:46,$ 3721.00,313
1024,09:41:46,$ 3721.00,688
1025,09:41:46,$ 3721.00,100
1026,09:41:46,$ 3721.19,100
1027,09:41:45,$ 3721.13,100
1028,09:41:45,$ 3721.13,100
1030,09:41:45,$ 3721.18,100
1031,09:41:39,$ 3719.38,100
1032,09:41:38,$ 3720.4558,"1,000"
1033,09:41:37,$ 3719.3261,"1,000"
1034,09:41:37,$ 3719.03,133
1035,09:41:36,$ 3719.32,100
1036,09:41:36,$ 3719.32,100
1037,09:41:36,$ 3719.32,100
1038,09:41:35,$ 3720.32,100
1039,09:41:35,$ 3720.13,100
1040,09:41:34,$ 3720.13,100
1041,09:41:34,$ 3720.84,100
1042,09:41:34,$ 3720.86,100
1043,09:41:34,$ 3720.845,100
1044,09:41:31,$ 3720.31,150
1045,09:41:30,$ 3719.83,133
1046,09:41:30,$ 3720.905,100
1047,09:41:28,$ 3721.04,200
1048,09:41:27,$ 3721.9499,300
1049,09:41:27,$ 3720.88,254
1051,09:41:26,$ 3720.7274,125
1052,09:41:23,$ 3718.5576,100
1053,09:41:21,$ 3718.38,100
1054,09:41:20,$ 3719.34,100
1055,09:41:19,$ 3719.22,138
1056,09:41:19,$ 3718.814,100
1057,09:41:19,$ 3718.814,100
1058,09:41:19,$ 3718.90,100
1059,09:41:18,$ 3718.125,100
1060,09:41:17,$ 3717.27,100
1061,09:41:17,$ 3718.05,100
1062,09:41:16,$ 3718.3491,100
1063,09:41:15,$ 3718.9112,100
1064,09:41:15,$ 3719.8168,"1,000"
1065,09:41:14,$ 3718.59,100
1066,09:41:14,$ 3719.34,189
1067,09:41:14,$ 3719.75,100
1068,09:41:14,$ 3719.645,100
1069,09:41:13,$ 3720.02,500
1070,09:41:12,$ 3719.765,250
1072,09:41:12,$ 3719.79,124
1073,09:41:12,$ 3719.05,102
1074,09:41:11,$ 3720.22,200
1075,09:41:11,$ 3719.70,400
1076,09:41:11,$ 3719.56,400
1077,09:41:11,$ 3719.70,245
1078,09:41:11,$ 3719.44,201
1079,09:41:10,$ 3719.86,100
1080,09:41:10,$ 3720.02,100
1081,09:41:05,$ 3722.00,100
1082,09:41:04,$ 3720.57,100
1083,09:41:04,$ 3720.17,100
1084,09:41:03,$ 3720.26,100
1085,09:41:03,$ 3720.28,100
1086,09:41:03,$ 3720.00,100
1087,09:41:03,$ 3720.00,100
1088,09:41:03,$ 3720.17,100
1089,09:41:03,$ 3720.15,100
1090,09:41:03,$ 3720.22,100
1091,09:41:03,$ 3720.28,100
1093,09:41:03,$ 3721.23,100
1094,09:41:03,$ 3720.28,100
1095,09:41:02,$ 3722.33,100
1096,09:41:02,$ 3722.00,100
1097,09:40:59,$ 3721.531,210
1098,09:40:58,$ 3720.9601,125
1099,09:40:58,$ 3721.2801,125
1100,09:40:58,$ 3721.455,100
1101,09:40:58,$ 3721.20,100
1102,09:40:57,$ 3719.52,100
1103,09:40:57,$ 3719.52,100
1104,09:40:57,$ 3720.00,100
1105,09:40:57,$ 3720.36,300
1106,09:40:57,$ 3720.25,100
1107,09:40:56,$ 3720.96,100
1108,09:40:56,$ 3720.595,100
1109,09:40:55,$ 3720.5984,300
1110,09:40:48,$ 3721.84,100
1111,09:40:48,$ 3722.33,100
1112,09:40:48,$ 3721.86,100
1114,09:40:48,$ 3723.14,100
1115,09:40:48,$ 3722.42,100
1116,09:40:45,$ 3721.31,110
1117,09:40:43,$ 3721.79,275
1118,09:40:41,$ 3720.00,387
1119,09:40:41,$ 3720.44,100
1120,09:40:40,$ 3720.44,100
1121,09:40:40,$ 3720.91,100
1122,09:40:40,$ 3720.87,100
1123,09:40:40,$ 3720.82,100
1124,09:40:40,$ 3722.2732,218
1125,09:40:40,$ 3722.2732,274
1126,09:40:40,$ 3721.41,100
1127,09:40:39,$ 3721.96,100
1128,09:40:38,$ 3721.515,100
1129,09:40:35,$ 3721.195,250
1130,09:40:35,$ 3720.72,100
1131,09:40:35,$ 3720.68,100
1132,09:40:33,$ 3720.4301,300
1133,09:40:32,$ 3722.425,110
1135,09:40:32,$ 3721.62,100
1136,09:40:31,$ 3722.62,100
1137,09:40:30,$ 3721.295,100
1138,09:40:30,$ 3722.00,100
1139,09:40:27,$ 3721.245,100
1140,09:40:27,$ 3721.03,200
1141,09:40:27,$ 3721.49,500
1142,09:40:26,$ 3720.35,100
1143,09:40:26,$ 3719.11,100
1144,09:40:24,$ 3721.35,500
1145,09:40:23,$ 3721.34,100
1146,09:40:23,$ 3721.00,100
1147,09:40:23,$ 3721.00,100
1148,09:40:22,$ 3720.00,100
1149,09:40:21,$ 3718.96,100
1150,09:40:21,$ 3718.96,100
1151,09:40:17,$ 3719.12,100
1152,09:40:16,$ 3720.21,100
1153,09:40:16,$ 3719.52,100
1154,09:40:14,$ 3718.22,100
1156,09:40:12,$ 3719.10,100
1157,09:40:12,$ 3717.5201,100
1158,09:40:12,$ 3717.97,100
1159,09:40:12,$ 3718.34,100
1160,09:40:10,$ 3717.705,100
1161,09:40:10,$ 3717.705,100
1162,09:40:10,$ 3718.42,100
1163,09:40:09,$ 3717.8755,100
1164,09:40:09,$ 3718.2568,200
1165,09:40:07,$ 3718.19,100
1166,09:40:04,$ 3719.44,175
1167,09:40:03,$ 3718.76,100
1168,09:40:02,$ 3719.9779,100
1169,09:40:02,$ 3721.46,100
1170,09:40:02,$ 3721.26,100
1171,09:40:02,$ 3720.42,100
1172,09:40:00,$ 3717.5612,100
1173,09:40:00,$ 3718.325,100
1174,09:40:00,$ 3718.34,100
1175,09:40:00,$ 3718.22,100
1177,09:39:59,$ 3718.11,100
1178,09:39:58,$ 3720.51,100
1179,09:39:58,$ 3720.08,100
1180,09:39:58,$ 3720.56,100
1181,09:39:58,$ 3720.78,100
1182,09:39:57,$ 3720.02,100
1183,09:39:54,$ 3721.4268,140
1184,09:39:53,$ 3720.38,100
1185,09:39:52,$ 3720.865,500
1186,09:39:51,$ 3721.115,275
1187,09:39:48,$ 3721.97,100
1188,09:39:47,$ 3722.0044,190
1189,09:39:46,$ 3723.00,500
1190,09:39:46,$ 3721.98,186
1191,09:39:45,$ 3722.824,100
1192,09:39:45,$ 3722.9999,100
1193,09:39:45,$ 3722.61,100
1194,09:39:45,$ 3722.9918,300
1195,09:39:45,$ 3722.98,100
1196,09:39:43,$ 3722.90,100
1198,09:39:42,$ 3722.935,100
1199,09:39:42,$ 3723.14,"1,000"
1200,09:39:41,$ 3722.965,100
1201,09:39:40,$ 3722.845,500
1202,09:39:40,$ 3722.84,"1,000"
1203,09:39:39,$ 3723.305,100
1204,09:39:39,$ 3722.00,123
1205,09:39:39,$ 3722.00,167
1206,09:39:39,$ 3722.00,380
1207,09:39:39,$ 3722.00,100
1208,09:39:38,$ 3721.50,100
1209,09:39:38,$ 3720.966,250
1210,09:39:37,$ 3720.415,100
1211,09:39:37,$ 3720.88,100
1212,09:39:35,$ 3720.00,100
1213,09:39:35,$ 3720.00,444
1214,09:39:35,$ 3720.00,202
1215,09:39:35,$ 3720.00,100
1216,09:39:35,$ 3720.00,182
1217,09:39:35,$ 3717.68,100
1219,09:39:34,$ 3717.61,100
1220,09:39:31,$ 3717.0501,100
1221,09:39:31,$ 3717.802,500
1222,09:39:28,$ 3717.00,100
1223,09:39:27,$ 3716.215,500
1224,09:39:27,$ 3715.9745,100
1225,09:39:24,$ 3716.81,100
1226,09:39:24,$ 3716.81,100
1227,09:39:23,$ 3718.23,100
1228,09:39:21,$ 3716.145,100
1229,09:39:19,$ 3716.38,100
1230,09:39:19,$ 3716.36,100
1231,09:39:19,$ 3716.36,100
1232,09:39:19,$ 3716.37,100
1233,09:39:19,$ 3715.61,100
1234,09:39:18,$ 3715.72,100
1235,09:39:18,$ 3715.70,100
1236,09:39:17,$ 3716.47,100
1237,09:39:17,$ 3715.75,380
1238,09:39:17,$ 3715.7025,380
1240,09:39:14,$ 3716.225,500
1241,09:39:14,$ 3716.943,469
1242,09:39:14,$ 3719.17,100
1243,09:39:14,$ 3719.80,100
1244,09:39:14,$ 3719.80,169
1245,09:39:13,$ 3718.88,100
1246,09:39:13,$ 3718.88,100
1247,09:39:13,$ 3717.80,100
1248,09:39:13,$ 3717.82,100
1249,09:39:12,$ 3716.637,500
1250,09:39:12,$ 3716.0843,109
1251,09:39:12,$ 3716.21,100
1252,09:39:11,$ 3718.165,500
1253,09:39:10,$ 3717.5544,500
1254,09:39:09,$ 3717.79,100
1255,09:39:07,$ 3718.02,100
1256,09:39:05,$ 3718.25,500
1257,09:39:04,$ 3718.7131,331
1258,09:39:04,$ 3718.7131,268
1259,09:39:04,$ 3717.605,100
1261,09:39:02,$ 3719.26,100
1262,09:39:02,$ 3718.85,100
1263,09:39:02,$ 3719.0422,100
1264,09:39:01,$ 3719.48,100
1265,09:39:01,$ 3719.80,100
1266,09:39:01,$ 3719.80,100
1267,09:39:00,$ 3720.245,100
1268,09:38:59,$ 3720.8318,100
1269,09:38:58,$ 3720.00,106
1270,09:38:58,$ 3720.00,591
1271,09:38:58,$ 3720.00,151
1272,09:38:58,$ 3720.02,100
1273,09:38:56,$ 3718.71,100
1274,09:38:53,$ 3716.05,100
1275,09:38:53,$ 3718.115,100
1276,09:38:53,$ 3718.33,100
1277,09:38:53,$ 3719.2393,260
1278,09:38:53,$ 3718.715,100
1279,09:38:53,$ 3718.715,100
1280,09:38:53,$ 3718.22,225
1282,09:38:51,$ 3719.9999,500
1283,09:38:50,$ 3719.35,"2,000"
1284,09:38:50,$ 3719.9999,200
1285,09:38:50,$ 3719.579,100
1286,09:38:49,$ 3719.00,180
1287,09:38:49,$ 3719.00,114
1288,09:38:49,$ 3719.00,233
1289,09:38:49,$ 3718.20,100
1290,09:38:48,$ 3717.1671,266
1291,09:38:48,$ 3716.56,118
1292,09:38:48,$ 3717.10,100
1293,09:38:47,$ 3715.6289,315
1294,09:38:47,$ 3715.6289,222
1295,09:38:47,$ 3716.22,100
1296,09:38:46,$ 3717.1899,"1,500"
1297,09:38:46,$ 3716.80,100
1298,09:38:46,$ 3716.85,100
1299,09:38:46,$ 3716.32,499
1300,09:38:42,$ 3718.00,100
1301,09:38:42,$ 3718.01,100
1303,09:38:42,$ 3719.595,100
1304,09:38:36,$ 3718.925,500
1305,09:38:35,$ 3718.00,100
1306,09:38:35,$ 3718.77,400
1307,09:38:35,$ 3718.825,110
1308,09:38:34,$ 3720.9703,100
1309,09:38:33,$ 3719.8741,100
1310,09:38:30,$ 3720.4801,100
1311,09:38:29,$ 3721.00,100
1312,09:38:26,$ 3718.59,700
1313,09:38:26,$ 3718.3882,455
1314,09:38:25,$ 3717.695,250
1315,09:38:25,$ 3715.35,100
1316,09:38:24,$ 3718.1901,"1,000"
1317,09:38:23,$ 3718.32,100
1318,09:38:23,$ 3718.32,200
1319,09:38:23,$ 3719.92,100
1320,09:38:23,$ 3719.34,500
1321,09:38:22,$ 3718.463,106
1322,09:38:22,$ 3718.463,293
1324,09:38:22,$ 3718.41,110
1325,09:38:22,$ 3719.90,174
1326,09:38:21,$ 3719.3418,200
1327,09:38:20,$ 3720.66,159
1328,09:38:20,$ 3719.9907,159
1329,09:38:20,$ 3720.00,256
1330,09:38:20,$ 3720.00,150
1331,09:38:20,$ 3720.00,423
1332,09:38:19,$ 3718.7398,100
1333,09:38:18,$ 3717.81,250
1334,09:38:18,$ 3718.63,100
1335,09:38:17,$ 3718.1701,100
1336,09:38:15,$ 3719.0246,376
1337,09:38:15,$ 3719.00,100
1338,09:38:15,$ 3718.51,100
1339,09:38:15,$ 3717.7334,100
1340,09:38:15,$ 3717.1124,361
1341,09:38:14,$ 3716.92,100
1342,09:38:14,$ 3718.02,100
1343,09:38:14,$ 3718.00,497
1345,09:38:14,$ 3717.92,124
1346,09:38:14,$ 3716.519,750
1347,09:38:14,$ 3716.90,100
1348,09:38:14,$ 3716.40,100
1349,09:38:14,$ 3717.01,100
1350,09:38:14,$ 3716.23,124
1351,09:38:12,$ 3715.3386,100
1352,09:38:12,$ 3714.965,625
1353,09:38:12,$ 3715.48,100
1354,09:38:12,$ 3715.49,100
1355,09:38:11,$ 3716.0945,300
1356,09:38:11,$ 3716.00,255
1357,09:38:11,$ 3716.00,100
1358,09:38:11,$ 3716.00,309
1359,09:38:11,$ 3715.23,500
1360,09:38:11,$ 3714.97,100
1361,09:38:09,$ 3715.095,213
1362,09:38:09,$ 3714.5331,100
1363,09:38:09,$ 3714.42,100
1364,09:38:09,$ 3713.635,300
1366,09:38:09,$ 3714.31,100
1367,09:38:07,$ 3714.99,100
1368,09:38:07,$ 3713.69,500
1369,09:38:07,$ 3714.00,649
1370,09:38:07,$ 3714.24,100
1371,09:38:07,$ 3712.84,100
1372,09:38:06,$ 3711.82,200
1373,09:38:06,$ 3710.10,200
1374,09:38:05,$ 3711.02,100
1375,09:38:05,$ 3710.10,500
1376,09:38:04,$ 3710.20,100
1377,09:38:04,$ 3709.6069,300
1378,09:38:02,$ 3710.40,100
1379,09:38:01,$ 3710.60,100
1380,09:38:01,$ 3710.62,100
1381,09:37:59,$ 3709.6001,100
1382,09:37:59,$ 3711.41,100
1383,09:37:57,$ 3709.295,100
1384,09:37:57,$ 3709.295,300
1385,09:37:56,$ 3707.57,302
1387,09:37:56,$ 3707.57,106
1388,09:37:56,$ 3708.05,100
1389,09:37:56,$ 3708.05,100
1390,09:37:56,$ 3708.0501,106
1391,09:37:56,$ 3708.0501,197
1392,09:37:56,$ 3708.0501,292
1393,09:37:54,$ 3708.15,100
1394,09:37:53,$ 3711.80,230
1395,09:37:53,$ 3711.95,100
1396,09:37:53,$ 3712.00,100
1397,09:37:53,$ 3712.00,213
1398,09:37:53,$ 3712.01,100
1399,09:37:53,$ 3711.74,100
1400,09:37:53,$ 3711.62,125
1401,09:37:53,$ 3711.62,100
1402,09:37:53,$ 3711.61,100
1403,09:37:53,$ 3711.46,106
1404,09:37:53,$ 3711.34,100
1405,09:37:53,$ 3711.35,100
1406,09:37:53,$ 3710.72,100
1408,09:37:53,$ 3710.72,100
1409,09:37:53,$ 3710.72,100
1410,09:37:53,$ 3710.68,100
1411,09:37:53,$ 3710.72,100
1412,09:37:53,$ 3710.72,100
1413,09:37:53,$ 3710.28,100
1414,09:37:53,$ 3710.28,100
1415,09:37:53,$ 3710.39,100
1416,09:37:53,$ 3709.99,100
1417,09:37:50,$ 3708.91,100
1418,09:37:50,$ 3708.91,100
1419,09:37:48,$ 3708.1622,171
1420,09:37:47,$ 3708.2899,100
1421,09:37:46,$ 3707.6589,200
1422,09:37:46,$ 3707.15,100
1423,09:37:43,$ 3708.74,100
1424,09:37:43,$ 3708.26,101
1425,09:37:43,$ 3708.742,269
1426,09:37:41,$ 3708.7639,100
1427,09:37:38,$ 3708.18,100
1429,09:37:38,$ 3708.18,100
1430,09:37:37,$ 3707.505,100
1431,09:37:36,$ 3708.1901,275
1432,09:37:36,$ 3708.97,100
1433,09:37:36,$ 3709.00,100
1434,09:37:36,$ 3708.97,100
1435,09:37:36,$ 3708.97,100
1436,09:37:36,$ 3708.97,100
1437,09:37:36,$ 3708.86,200
1438,09:37:36,$ 3707.94,100
1439,09:37:36,$ 3708.01,100
1440,09:37:36,$ 3707.58,100
1441,09:37:35,$ 3707.978,100
1442,09:37:35,$ 3707.6072,200
1443,09:37:33,$ 3707.33,100
1444,09:37:33,$ 3707.00,100
1445,09:37:33,$ 3705.52,100
1446,09:37:33,$ 3706.02,100
1447,09:37:32,$ 3705.30,100
1448,09:37:32,$ 3705.34,100
1450,09:37:30,$ 3705.31,100
1451,09:37:29,$ 3704.80,100
1452,09:37:25,$ 3704.02,100
1453,09:37:22,$ 3704.84,100
1454,09:37:22,$ 3704.83,193
1455,09:37:22,$ 3704.83,100
1456,09:37:21,$ 3704.875,100
1457,09:37:21,$ 3704.945,100
1458,09:37:19,$ 3704.33,100
1459,09:37:18,$ 3704.90,100
1460,09:37:18,$ 3704.75,267
1461,09:37:15,$ 3703.31,500
1462,09:37:14,$ 3703.78,170
1463,09:37:13,$ 3703.81,276
1464,09:37:11,$ 3704.41,100
1465,09:37:03,$ 3703.80,500
1466,09:37:01,$ 3703.94,100
1467,09:37:01,$ 3704.60,213
1468,09:37:01,$ 3704.60,233
1469,09:37:00,$ 3704.41,100
1471,09:37:00,$ 3704.89,100
1472,09:37:00,$ 3703.71,190
1473,09:36:57,$ 3705.17,100
1474,09:36:57,$ 3704.36,102
1475,09:36:57,$ 3704.36,100
1476,09:36:53,$ 3705.82,100
1477,09:36:53,$ 3705.82,100
1478,09:36:50,$ 3705.11,200
1479,09:36:50,$ 3702.82,"1,800"
1480,09:36:50,$ 3705.80,100
1481,09:36:50,$ 3703.725,100
1482,09:36:50,$ 3703.82,100
1483,09:36:50,$ 3704.40,100
1484,09:36:50,$ 3702.80,100
1485,09:36:50,$ 3702.82,100
1486,09:36:50,$ 3703.23,100
1487,09:36:50,$ 3702.545,100
1488,09:36:50,$ 3702.54,100
1489,09:36:50,$ 3702.54,100
1490,09:36:50,$ 3702.54,171
1492,09:36:48,$ 3704.03,100
1493,09:36:48,$ 3703.60,100
1494,09:36:48,$ 3703.28,100
1495,09:36:48,$ 3703.95,100
1496,09:36:48,$ 3703.78,100
1497,09:36:48,$ 3703.74,100
1498,09:36:46,$ 3704.353,500
1499,09:36:45,$ 3704.33,100
1500,09:36:43,$ 3705.00,100
1501,09:36:42,$ 3704.98,100
1502,09:36:41,$ 3704.6183,100
1503,09:36:41,$ 3704.43,100
1504,09:36:41,$ 3704.40,110
1505,09:36:35,$ 3705.0901,150
1506,09:36:35,$ 3705.49,200
1507,09:36:35,$ 3704.86,250
1508,09:36:32,$ 3704.29,195
1509,09:36:32,$ 3704.29,397
1510,09:36:32,$ 3704.73,130
1511,09:36:30,$ 3704.5599,200
1513,09:36:29,$ 3703.93,100
1514,09:36:29,$ 3703.5799,100
1515,09:36:29,$ 3703.5799,100
1516,09:36:29,$ 3703.30,100
1517,09:36:27,$ 3702.495,100
1518,09:36:25,$ 3701.81,100
1519,09:36:25,$ 3702.22,100
1520,09:36:25,$ 3702.33,100
1521,09:36:24,$ 3700.7439,100
1522,09:36:23,$ 3700.2701,400
1523,09:36:22,$ 3701.54,100
1524,09:36:22,$ 3701.54,100
1525,09:36:21,$ 3701.055,100
1526,09:36:18,$ 3701.00,100
1527,09:36:16,$ 3700.57,167
1528,09:36:09,$ 3699.3533,100
1529,09:36:09,$ 3698.41,100
1530,09:36:09,$ 3698.41,100
1531,09:36:05,$ 3698.3266,162
1532,09:36:05,$ 3698.74,100
1534,09:36:04,$ 3698.00,900
1535,09:36:04,$ 3698.01,100
1536,09:36:04,$ 3698.00,100
1537,09:36:03,$ 3698.95,500
1538,09:36:03,$ 3699.43,111
1539,09:36:02,$ 3700.00,227
1540,09:36:01,$ 3701.05,100
1541,09:35:58,$ 3702.19,100
1542,09:35:58,$ 3701.385,100
1543,09:35:57,$ 3701.16,100
1544,09:35:57,$ 3701.17,100
1545,09:35:57,$ 3701.18,100
1546,09:35:51,$ 3700.00,400
1547,09:35:49,$ 3703.025,101
1548,09:35:48,$ 3704.72,100
1549,09:35:45,$ 3706.00,100
1550,09:35:43,$ 3705.63,100
1551,09:35:42,$ 3704.901,110
1552,09:35:42,$ 3704.9748,100
1553,09:35:38,$ 3703.62,100
1555,09:35:37,$ 3703.42,100
1556,09:35:37,$ 3703.42,169
1557,09:35:37,$ 3703.42,100
1558,09:35:36,$ 3701.7301,600
1559,09:35:35,$ 3703.41,100
1560,09:35:34,$ 3703.44,100
1561,09:35:33,$ 3703.145,100
1562,09:35:32,$ 3701.9499,100
1563,09:35:30,$ 3703.58,100
1564,09:35:30,$ 3703.58,100
1565,09:35:28,$ 3703.165,100
1566,09:35:27,$ 3702.42,100
1567,09:35:27,$ 3702.56,100
1568,09:35:24,$ 3702.25,205
1569,09:35:20,$ 3701.275,900
1570,09:35:18,$ 3702.23,100
1571,09:35:18,$ 3701.82,100
1572,09:35:18,$ 3700.90,100
1573,09:35:17,$ 3702.00,100
1574,09:35:17,$ 3702.28,247
1576,09:35:17,$ 3701.95,100
1577,09:35:17,$ 3702.00,100
1578,09:35:14,$ 3700.6899,300
1579,09:35:13,$ 3700.42,100
1580,09:35:12,$ 3701.57,128
1581,09:35:12,$ 3701.61,300
1582,09:35:10,$ 3701.565,250
1583,09:35:09,$ 3701.792,200
1584,09:35:09,$ 3701.90,100
1585,09:35:08,$ 3701.33,100
1586,09:35:08,$ 3701.33,137
1587,09:35:07,$ 3700.87,100
1588,09:35:07,$ 3700.53,100
1589,09:35:07,$ 3700.57,100
1590,09:35:07,$ 3700.58,100
1591,09:35:07,$ 3700.59,100
1592,09:35:06,$ 3700.5799,100
1593,09:35:06,$ 3699.785,200
1594,09:35:05,$ 3699.79,153
1595,09:35:05,$ 3699.79,149
1597,09:35:05,$ 3700.71,100
1598,09:35:04,$ 3700.56,395
1599,09:35:03,$ 3700.57,100
1600,09:35:03,$ 3700.565,101
1601,09:35:01,$ 3699.63,181
1602,09:35:01,$ 3698.63,435
1603,09:35:01,$ 3699.36,163
1604,09:35:01,$ 3699.05,100
1605,09:35:00,$ 3700.00,150
1606,09:34:57,$ 3702.33,100
1607,09:34:53,$ 3702.085,500
1608,09:34:53,$ 3701.98,100
1609,09:34:51,$ 3704.40,100
1610,09:34:51,$ 3704.41,100
1611,09:34:51,$ 3704.62,100
1612,09:34:50,$ 3703.933,100
1613,09:34:50,$ 3704.74,100
1614,09:34:49,$ 3702.7201,500
1615,09:34:48,$ 3704.15,500
1616,09:34:47,$ 3703.573,317
1618,09:34:46,$ 3705.05,100
1619,09:34:46,$ 3703.195,200
1620,09:34:46,$ 3704.358,248
1621,09:34:46,$ 3704.41,300
1622,09:34:43,$ 3704.318,450
1623,09:34:42,$ 3703.4301,120
1624,09:34:40,$ 3704.2919,200
1625,09:34:40,$ 3704.06,100
1626,09:34:40,$ 3704.06,100
1627,09:34:40,$ 3705.6299,150
1628,09:34:38,$ 3704.38,175
1629,09:34:38,$ 3704.30,100
1630,09:34:38,$ 3703.45,200
1631,09:34:36,$ 3704.245,100
1632,09:34:36,$ 3704.19,100
1633,09:34:36,$ 3704.17,100
1634,09:34:35,$ 3704.09,100
1635,09:34:31,$ 3703.515,100
1636,09:34:29,$ 3703.90,100
1637,09:34:28,$ 3701.58,100
1639,09:34:28,$ 3702.19,200
1640,09:34:28,$ 3702.19,"2,806"
1641,09:34:26,$ 3703.00,100
1642,09:34:26,$ 3703.00,200
1643,09:34:26,$ 3702.76,100
1644,09:34:24,$ 3703.785,101
1645,09:34:23,$ 3702.76,200
1646,09:34:23,$ 3702.60,260
1647,09:34:23,$ 3700.99,100
1648,09:34:23,$ 3700.85,100
1649,09:34:23,$ 3700.8657,270
1650,09:34:22,$ 3700.47,100
1651,09:34:22,$ 3700.555,500
1652,09:34:21,$ 3700.31,200
1653,09:34:21,$ 3700.31,300
1654,09:34:21,$ 3700.38,300
1655,09:34:21,$ 3700.31,100
1656,09:34:21,$ 3700.31,500
1657,09:34:20,$ 3700.867,450
1658,09:34:20,$ 3700.865,100
1660,09:34:20,$ 3699.75,100
1661,09:34:20,$ 3700.52,100
1662,09:34:20,$ 3701.76,570
1663,09:34:20,$ 3702.14,100
1664,09:34:20,$ 3700.00,166
1665,09:34:20,$ 3700.00,100
1666,09:34:20,$ 3699.50,100
1667,09:34:20,$ 3698.845,100
1668,09:34:20,$ 3698.725,100
1669,09:34:20,$ 3698.595,100
1670,09:34:20,$ 3698.595,200
1671,09:34:20,$ 3698.735,100
1672,09:34:20,$ 3698.735,100
1673,09:34:19,$ 3698.67,100
1674,09:34:19,$ 3697.765,100
1675,09:34:19,$ 3698.33,500
1676,09:34:18,$ 3697.83,100
1677,09:34:16,$ 3696.0001,129
1678,09:34:16,$ 3696.3868,100
1679,09:34:16,$ 3696.78,100
1681,09:34:15,$ 3698.20,100
1682,09:34:15,$ 3698.925,100
1683,09:34:14,$ 3699.16,100
1684,09:34:12,$ 3699.775,"1,000"
1685,09:34:11,$ 3699.6672,100
1686,09:34:10,$ 3700.7599,100
1687,09:34:09,$ 3700.00,100
1688,09:34:08,$ 3700.81,259
1689,09:34:08,$ 3701.74,200
1690,09:34:08,$ 3701.72,200
1691,09:34:07,$ 3700.00,134
1692,09:34:07,$ 3700.00,500
1693,09:34:07,$ 3700.00,100
1694,09:34:07,$ 3700.00,300
1695,09:34:07,$ 3700.00,100
1696,09:34:07,$ 3700.00,200
1697,09:34:07,$ 3700.00,100
1698,09:34:07,$ 3700.00,100
1699,09:34:07,$ 3700.00,100
1700,09:34:07,$ 3700.00,100
1702,09:34:07,$ 3700.00,500
1703,09:34:07,$ 3700.00,100
1704,09:34:07,$ 3700.00,200
1705,09:34:07,$ 3700.00,100
1706,09:34:07,$ 3700.00,200
1707,09:34:07,$ 3700.33,100
1708,09:34:07,$ 3701.00,100
1709,09:34:07,$ 3701.00,100
1710,09:34:07,$ 3701.00,159
1711,09:34:07,$ 3701.00,100
1712,09:34:07,$ 3701.00,100
1713,09:34:07,$ 3701.10,100
1714,09:34:07,$ 3701.10,100
1715,09:34:07,$ 3701.40,200
1716,09:34:07,$ 3701.00,170
1717,09:34:07,$ 3701.20,100
1718,09:34:07,$ 3701.40,100
1719,09:34:07,$ 3701.40,100
1720,09:34:07,$ 3701.20,100
1721,09:34:07,$ 3701.8525,100
1723,09:34:07,$ 3702.275,200
1724,09:34:07,$ 3702.275,200
1725,09:34:06,$ 3702.14,100
1726,09:34:06,$ 3702.23,300
1727,09:34:06,$ 3702.23,100
1728,09:34:05,$ 3703.21,299
1729,09:34:05,$ 3704.1899,100
1730,09:34:05,$ 3703.01,100
1731,09:34:04,$ 3703.825,100
1732,09:34:04,$ 3704.02,100
1733,09:34:04,$ 3704.378,425
1734,09:34:04,$ 3704.83,500
1735,09:34:03,$ 3704.64,100
1736,09:34:02,$ 3705.008,100
1737,09:34:01,$ 3706.3485,100
1738,09:34:01,$ 3706.54,500
1739,09:33:59,$ 3707.8364,200
1740,09:33:58,$ 3706.79,300
1741,09:33:56,$ 3706.42,100
1742,09:33:56,$ 3706.42,100
1744,09:33:56,$ 3706.46,100
1745,09:33:54,$ 3705.0301,500
1746,09:33:49,$ 3707.26,100
1747,09:33:48,$ 3708.562,500
1748,09:33:48,$ 3707.70,100
1749,09:33:47,$ 3709.00,100
1750,09:33:45,$ 3706.40,100
1751,09:33:45,$ 3705.635,200
1752,09:33:45,$ 3706.42,100
1753,09:33:43,$ 3707.32,100
1754,09:33:43,$ 3705.18,100
1755,09:33:43,$ 3705.18,100
1756,09:33:43,$ 3705.00,100
1757,09:33:42,$ 3706.46,500
1758,09:33:41,$ 3707.00,100
1759,09:33:40,$ 3706.7899,500
1760,09:33:37,$ 3707.48,405
1761,09:33:37,$ 3705.02,100
1762,09:33:35,$ 3703.8891,100
1763,09:33:35,$ 3705.00,100
1765,09:33:35,$ 3705.25,100
1766,09:33:35,$ 3705.21,100
1767,09:33:34,$ 3704.19,102
1768,09:33:34,$ 3702.14,100
1769,09:33:34,$ 3701.91,100
1770,09:33:34,$ 3701.40,159
1771,09:33:33,$ 3702.745,200
1772,09:33:33,$ 3702.00,200
1773,09:33:33,$ 3702.00,100
1774,09:33:33,$ 3702.00,100
1775,09:33:33,$ 3702.0038,200
1776,09:33:33,$ 3702.00,100
1777,09:33:33,$ 3702.005,100
1778,09:33:33,$ 3702.3725,100
1779,09:33:28,$ 3704.21,200
1780,09:33:26,$ 3708.82,100
1781,09:33:26,$ 3708.9107,100
1782,09:33:25,$ 3707.61,100
1783,09:33:25,$ 3708.80,100
1784,09:33:25,$ 3708.21,100
1786,09:33:25,$ 3707.58,615
1787,09:33:25,$ 3709.00,100
1788,09:33:25,$ 3708.00,100
1789,09:33:25,$ 3706.89,100
1790,09:33:25,$ 3706.93,100
1791,09:33:25,$ 3706.94,100
1792,09:33:25,$ 3706.94,113
1793,09:33:25,$ 3706.93,100
1794,09:33:25,$ 3706.94,100
1795,09:33:25,$ 3706.92,100
1796,09:33:25,$ 3706.88,100
1797,09:33:25,$ 3706.93,100
1798,09:33:25,$ 3706.88,100
1799,09:33:25,$ 3706.94,100
1800,09:33:25,$ 3706.94,380
1801,09:33:25,$ 3706.94,100
1802,09:33:25,$ 3706.94,100
1803,09:33:25,$ 3706.93,100
1804,09:33:25,$ 3706.94,100
1805,09:33:25,$ 3706.94,100
1807,09:33:25,$ 3706.94,100
1808,09:33:25,$ 3706.93,100
1809,09:33:25,$ 3706.94,100
1810,09:33:25,$ 3706.80,100
1811,09:33:25,$ 3706.82,100
1812,09:33:25,$ 3706.89,100
1813,09:33:25,$ 3706.93,100
1814,09:33:25,$ 3706.00,100
1815,09:33:25,$ 3706.00,100
1816,09:33:25,$ 3706.00,200
1817,09:33:25,$ 3705.22,100
1818,09:33:25,$ 3703.08,103
1819,09:33:25,$ 3703.80,100
1820,09:33:24,$ 3704.091,100
1821,09:33:23,$ 3704.091,100
1822,09:33:23,$ 3703.77,100
1823,09:33:22,$ 3702.29,100
1824,09:33:18,$ 3702.02,100
1825,09:33:16,$ 3703.81,105
1826,09:33:16,$ 3704.00,100
1828,09:33:16,$ 3704.00,200
1829,09:33:15,$ 3705.525,100
1830,09:33:15,$ 3705.525,100
1831,09:33:15,$ 3705.0384,300
1832,09:33:14,$ 3705.05,100
1833,09:33:14,$ 3705.05,100
1834,09:33:14,$ 3704.28,100
1835,09:33:13,$ 3704.9999,104
1836,09:33:12,$ 3704.20,100
1837,09:33:12,$ 3705.05,100
1838,09:33:12,$ 3705.06,100
1839,09:33:12,$ 3705.07,100
1840,09:33:12,$ 3704.6353,100
1841,09:33:08,$ 3706.49,100
1842,09:33:07,$ 3705.96,150
1843,09:33:06,$ 3706.9399,100
1844,09:33:05,$ 3706.5537,300
1845,09:33:03,$ 3705.495,100
1846,09:33:03,$ 3704.00,130
1847,09:33:03,$ 3704.40,100
1849,09:33:02,$ 3705.00,130
1850,09:32:59,$ 3707.03,100
1851,09:32:57,$ 3707.05,100
1852,09:32:57,$ 3707.53,100
1853,09:32:56,$ 3706.025,100
1854,09:32:55,$ 3705.8342,353
1855,09:32:50,$ 3708.00,200
1856,09:32:50,$ 3708.70,100
1857,09:32:50,$ 3708.6999,100
1858,09:32:50,$ 3708.72,105
1859,09:32:50,$ 3709.21,100
1860,09:32:49,$ 3708.90,100
1861,09:32:48,$ 3708.5254,100
1862,09:32:46,$ 3709.44,450
1863,09:32:46,$ 3710.01,100
1864,09:32:46,$ 3710.01,100
1865,09:32:46,$ 3710.01,100
1866,09:32:46,$ 3710.01,100
1867,09:32:45,$ 3710.20,100
1868,09:32:45,$ 3709.80,102
1870,09:32:40,$ 3708.21,100
1871,09:32:40,$ 3708.025,100
1872,09:32:38,$ 3709.58,210
1873,09:32:38,$ 3709.58,210
1874,09:32:38,$ 3709.59,100
1875,09:32:35,$ 3710.025,100
1876,09:32:35,$ 3710.00,100
1877,09:32:34,$ 3710.04,100
1878,09:32:34,$ 3710.50,200
1879,09:32:33,$ 3712.61,200
1880,09:32:32,$ 3711.70,400
1881,09:32:32,$ 3710.8322,100
1882,09:32:32,$ 3711.43,100
1883,09:32:31,$ 3713.22,250
1884,09:32:29,$ 3712.135,100
1885,09:32:28,$ 3713.7499,100
1886,09:32:26,$ 3712.1754,100
1887,09:32:26,$ 3711.60,100
1888,09:32:25,$ 3712.24,100
1889,09:32:25,$ 3711.90,100
1891,09:32:25,$ 3711.29,100
1892,09:32:25,$ 3709.72,100
1893,09:32:25,$ 3710.00,100
1894,09:32:25,$ 3708.99,100
1895,09:32:25,$ 3708.02,100
1896,09:32:24,$ 3707.17,100
1897,09:32:24,$ 3707.855,100
1898,09:32:23,$ 3708.44,100
1899,09:32:21,$ 3707.77,100
1900,09:32:21,$ 3707.725,100
1901,09:32:21,$ 3707.31,100
1902,09:32:20,$ 3708.87,100
1903,09:32:19,$ 3708.01,100
1904,09:32:19,$ 3708.02,100
1905,09:32:19,$ 3708.00,100
1906,09:32:18,$ 3708.87,100
1907,09:32:18,$ 3708.875,275
1908,09:32:17,$ 3708.875,100
1909,09:32:17,$ 3708.90,500
1910,09:32:16,$ 3709.55,100
1912,09:32:16,$ 3709.62,100
1913,09:32:15,$ 3710.1499,277
1914,09:32:13,$ 3708.40,175
1915,09:32:13,$ 3708.25,100
1916,09:32:13,$ 3709.05,100
1917,09:32:12,$ 3708.82,250
1918,09:32:12,$ 3708.50,112
1919,09:32:12,$ 3708.40,104
1920,09:32:12,$ 3709.05,100
1921,09:32:08,$ 3710.40,200
1922,09:32:08,$ 3710.44,200
1923,09:32:07,$ 3710.98,200
1924,09:32:05,$ 3710.25,100
1925,09:32:05,$ 3710.25,100
1926,09:32:05,$ 3710.20,100
1927,09:32:04,$ 3709.1201,100
1928,09:32:04,$ 3710.04,100
1929,09:32:04,$ 3710.98,100
1930,09:32:04,$ 3710.99,100
1931,09:32:03,$ 3709.70,100
1933,09:32:16,$ 3709.62,100
1934,09:32:15,$ 3710.1499,277
1935,09:32:13,$ 3708.40,175
1936,09:32:13,$ 3708.25,100
1937,09:32:13,$ 3709.05,100
1938,09:32:12,$ 3708.82,250
1939,09:32:12,$ 3708.50,112
1940,09:32:12,$ 3708.40,104
1941,09:32:12,$ 3709.05,100
1942,09:32:08,$ 3710.40,200
1943,09:32:08,$ 3710.44,200
1944,09:32:07,$ 3710.98,200
1945,09:32:05,$ 3710.25,100
1946,09:32:05,$ 3710.25,100
1947,09:32:05,$ 3710.20,100
1948,09:32:04,$ 3709.1201,100
1949,09:32:04,$ 3710.04,100
1950,09:32:04,$ 3710.98,100
1951,09:32:04,$ 3710.99,100
1952,09:32:03,$ 3709.70,100
1954,09:31:49,$ 3717.7175,106
1955,09:31:49,$ 3717.52,100
1956,09:31:49,$ 3717.72,100
1957,09:31:49,$ 3717.54,100
1958,09:31:49,$ 3717.56,100
1959,09:31:47,$ 3718.7041,100
1960,09:31:46,$ 3718.14,100
1961,09:31:46,$ 3717.9751,449
1962,09:31:46,$ 3718.78,100
1963,09:31:45,$ 3717.4901,500
1964,09:31:45,$ 3718.54,500
1965,09:31:44,$ 3718.00,100
1966,09:31:44,$ 3718.00,100
1967,09:31:43,$ 3720.89,100
1968,09:31:43,$ 3721.51,100
1969,09:31:42,$ 3720.915,100
1970,09:31:42,$ 3721.015,100
1971,09:31:42,$ 3722.99,276
1972,09:31:42,$ 3722.99,100
1973,09:31:42,$ 3723.00,100
1975,09:32:02,$ 3709.46,100
1976,09:32:02,$ 3710.00,100
1977,09:32:02,$ 3710.00,100
1978,09:32:02,$ 3711.11,100
1979,09:32:01,$ 3713.445,150
1980,09:32:01,$ 3713.455,500
1981,09:32:00,$ 3712.87,103
1982,09:32:00,$ 3712.87,200
1983,09:31:59,$ 3712.36,296
1984,09:31:58,$ 3713.23,325
1985,09:31:58,$ 3713.23,175
1986,09:31:58,$ 3712.185,100
1987,09:31:58,$ 3712.18,500
1988,09:31:57,$ 3712.21,173
1989,09:31:57,$ 3712.48,106
1990,09:31:56,$ 3713.83,300
1991,09:31:56,$ 3713.56,100
1992,09:31:51,$ 3717.5899,288
1993,09:31:51,$ 3716.114,250
1994,09:31:50,$ 3716.29,100
1996,09:31:28,$ 3723.416,375
1997,09:31:27,$ 3724.41,100
1998,09:31:26,$ 3722.2501,100
1999,09:31:26,$ 3722.26,100
2000,09:31:26,$ 3723.49,100
2001,09:31:26,$ 3723.36,200
2002,09:31:25,$ 3720.91,100
2003,09:31:24,$ 3721.70,100
2004,09:31:24,$ 3721.74,100
2005,09:31:24,$ 3721.82,100
2006,09:31:24,$ 3721.7399,186
2007,09:31:24,$ 3720.315,100
2008,09:31:23,$ 3721.74,131
2009,09:31:23,$ 3721.74,149
2010,09:31:23,$ 3721.74,100
2011,09:31:22,$ 3722.26,131
2012,09:31:21,$ 3720.9825,134
2013,09:31:21,$ 3721.0605,500
2014,09:31:20,$ 3720.65,162
2015,09:31:20,$ 3720.131,500
2017,09:31:18,$ 3720.685,100
2018,09:31:18,$ 3720.585,100
2019,09:31:18,$ 3720.0656,200
2020,09:31:18,$ 3722.28,100
2021,09:31:18,$ 3721.41,100
2022,09:31:18,$ 3721.47,100
2023,09:31:18,$ 3721.52,266
2024,09:31:18,$ 3721.52,234
2025,09:31:18,$ 3721.40,100
2026,09:31:18,$ 3720.89,100
2027,09:31:18,$ 3720.83,100
2028,09:31:18,$ 3720.64,100
2029,09:31:18,$ 3720.81,100
2030,09:31:18,$ 3720.65,185
2031,09:31:18,$ 3720.61,100
2032,09:31:18,$ 3719.65,280
2033,09:31:18,$ 3719.59,100
2034,09:31:18,$ 3719.64,100
2035,09:31:18,$ 3718.30,100
2036,09:31:18,$ 3718.29,100
2038,09:31:18,$ 3718.29,100
2039,09:31:18,$ 3718.29,100
2040,09:31:18,$ 3718.29,100
2041,09:31:18,$ 3718.29,100
2042,09:31:18,$ 3718.30,100
2043,09:31:18,$ 3718.29,100
2044,09:31:18,$ 3718.28,400
2045,09:31:18,$ 3718.28,100
2046,09:31:18,$ 3718.30,100
2047,09:31:18,$ 3718.30,100
2048,09:31:18,$ 3718.37,100
2049,09:31:18,$ 3718.39,100
2050,09:31:16,$ 3717.00,104
2051,09:31:16,$ 3717.00,100
2052,09:31:16,$ 3717.02,100
2053,09:31:16,$ 3717.62,100
2054,09:31:15,$ 3717.41,100
2055,09:31:15,$ 3717.41,100
2056,09:31:15,$ 3719.6499,200
2057,09:31:15,$ 3718.8325,100
2059,09:31:14,$ 3719.57,100
2060,09:31:14,$ 3719.20,100
2061,09:31:14,$ 3719.22,100
2062,09:31:14,$ 3719.57,100
2063,09:31:14,$ 3719.58,100
2064,09:31:14,$ 3717.00,200
2065,09:31:14,$ 3717.00,300
2066,09:31:13,$ 3717.00,205
2067,09:31:13,$ 3719.57,400
2068,09:31:13,$ 3719.07,400
2069,09:31:13,$ 3718.56,100
2070,09:31:13,$ 3719.06,100
2071,09:31:13,$ 3719.01,100
2072,09:31:12,$ 3719.71,100
2073,09:31:12,$ 3719.22,100
2074,09:31:12,$ 3719.21,100
2075,09:31:12,$ 3719.61,100
2076,09:31:11,$ 3721.87,365
2077,09:31:11,$ 3721.87,100
2078,09:31:11,$ 3721.87,194
2080,09:31:11,$ 3721.84,100
2081,09:31:10,$ 3720.39,100
2082,09:31:10,$ 3720.64,100
2083,09:31:10,$ 3720.65,100
2084,09:31:10,$ 3720.82,100
2085,09:31:09,$ 3719.71,100
2086,09:31:09,$ 3719.71,100
2087,09:31:09,$ 3719.75,100
2088,09:31:09,$ 3719.72,100
2089,09:31:09,$ 3719.95,100
2090,09:31:07,$ 3719.0252,288
2091,09:31:07,$ 3719.89,100
2092,09:31:07,$ 3720.44,209
2093,09:31:07,$ 3720.44,100
2094,09:31:06,$ 3720.41,150
2095,09:31:05,$ 3720.4101,260
2096,09:31:05,$ 3720.4101,260
2097,09:31:05,$ 3722.80,100
2098,09:31:04,$ 3722.08,100
2099,09:31:04,$ 3720.45,100
2101,09:31:04,$ 3722.04,100
2102,09:31:04,$ 3724.88,100
2103,09:31:02,$ 3730.415,100
2104,09:31:01,$ 3730.015,100
2105,09:31:01,$ 3730.11,500
2106,09:31:01,$ 3729.00,100
2107,09:31:01,$ 3728.17,500
2108,09:30:59,$ 3729.24,100
2109,09:30:58,$ 3729.87,100
2110,09:30:57,$ 3730.01,408
2111,09:30:56,$ 3728.535,100
2112,09:30:56,$ 3729.75,100
2113,09:30:56,$ 3729.76,100
2114,09:30:55,$ 3730.9299,100
2115,09:30:55,$ 3730.52,120
2116,09:30:54,$ 3731.2999,100
2117,09:30:54,$ 3730.98,100
2118,09:30:53,$ 3730.93,100
2119,09:30:53,$ 3730.95,100
2120,09:30:53,$ 3730.92,100
2122,09:30:53,$ 3730.77,100
2123,09:30:53,$ 3730.9299,200
2124,09:30:51,$ 3728.73,100
2125,09:30:51,$ 3730.00,100
2126,09:30:51,$ 3727.97,500
2127,09:30:50,$ 3727.725,500
2128,09:30:50,$ 3726.415,100
2129,09:30:50,$ 3728.465,100
2130,09:30:50,$ 3727.09,369
2131,09:30:49,$ 3730.95,100
2132,09:30:49,$ 3730.94,100
2133,09:30:49,$ 3730.95,100
2134,09:30:49,$ 3730.95,100
2135,09:30:49,$ 3730.95,100
2136,09:30:48,$ 3730.95,100
2137,09:30:48,$ 3731.00,100
2138,09:30:48,$ 3730.96,100
2139,09:30:48,$ 3732.395,100
2140,09:30:47,$ 3733.83,137
2141,09:30:47,$ 3733.83,100
2143,09:30:46,$ 3733.23,100
2144,09:30:46,$ 3732.09,100
2145,09:30:46,$ 3733.72,100
2146,09:30:46,$ 3733.98,100
2147,09:30:46,$ 3733.38,100
2148,09:30:46,$ 3733.46,100
2149,09:30:46,$ 3732.99,100
2150,09:30:46,$ 3731.52,200
2151,09:30:46,$ 3731.51,100
2152,09:30:46,$ 3731.51,100
2153,09:30:45,$ 3730.95,100
2154,09:30:45,$ 3730.94,143
2155,09:30:45,$ 3730.939,200
2156,09:30:45,$ 3728.93,100
2157,09:30:44,$ 3729.7368,100
2158,09:30:44,$ 3730.0533,100
2159,09:30:44,$ 3730.20,100
2160,09:30:43,$ 3729.5532,100
2161,09:30:43,$ 3730.28,100
2162,09:30:43,$ 3730.28,100
2164,09:30:42,$ 3730.47,100
2165,09:30:42,$ 3730.38,300
2166,09:30:42,$ 3730.38,100
2167,09:30:41,$ 3729.34,150
2168,09:30:40,$ 3727.75,100
2169,09:30:40,$ 3727.75,100
2170,09:30:40,$ 3728.43,100
2171,09:30:40,$ 3728.91,100
2172,09:30:40,$ 3728.91,100
2173,09:30:40,$ 3729.48,100
2174,09:30:40,$ 3729.34,100
2175,09:30:40,$ 3729.34,100
2176,09:30:40,$ 3729.34,300
2177,09:30:40,$ 3729.98,100
2178,09:30:40,$ 3730.00,100
2179,09:30:40,$ 3730.00,200
2180,09:30:40,$ 3729.03,106
2181,09:30:39,$ 3728.53,114
2182,09:30:39,$ 3728.83,366
2183,09:30:39,$ 3728.97,100
2185,09:30:38,$ 3727.99,175
2186,09:30:37,$ 3727.46,100
2187,09:30:37,$ 3728.84,363
2188,09:30:37,$ 3729.03,100
2189,09:30:37,$ 3729.03,100
2190,09:30:36,$ 3728.38,300
2191,09:30:36,$ 3728.00,100
2192,09:30:36,$ 3728.00,500
2193,09:30:36,$ 3727.45,597
2194,09:30:36,$ 3727.45,100
2195,09:30:35,$ 3726.435,275
2196,09:30:33,$ 3724.565,100
2197,09:30:33,$ 3725.32,100
2198,09:30:33,$ 3724.96,100
2199,09:30:33,$ 3723.785,240
2200,09:30:32,$ 3724.9899,100
2201,09:30:32,$ 3723.04,100
2202,09:30:32,$ 3723.965,100
2203,09:30:31,$ 3723.41,100
2204,09:30:31,$ 3723.37,100
2206,09:30:31,$ 3723.6075,100
2207,09:30:31,$ 3723.44,100
2208,09:30:31,$ 3723.95,200
2209,09:30:30,$ 3725.00,244
2210,09:30:30,$ 3725.01,185
2211,09:30:30,$ 3725.01,318
2212,09:30:30,$ 3725.00,100
2213,09:30:30,$ 3725.00,218
2214,09:30:30,$ 3725.90,100
2215,09:30:30,$ 3725.91,100
2216,09:30:30,$ 3725.50,100
2217,09:30:30,$ 3725.42,100
2218,09:30:30,$ 3725.445,100
2219,09:30:30,$ 3725.05,100
2220,09:30:29,$ 3725.31,100
2221,09:30:28,$ 3727.9999,500
2222,09:30:27,$ 3726.58,114
2223,09:30:27,$ 3726.336,114
2224,09:30:27,$ 3726.336,159
2225,09:30:27,$ 3726.58,159
2227,09:30:27,$ 3726.35,100
2228,09:30:27,$ 3726.336,100
2229,09:30:27,$ 3725.00,100
2230,09:30:27,$ 3724.905,100
2231,09:30:26,$ 3724.67,200
2232,09:30:26,$ 3724.67,100
2233,09:30:26,$ 3724.66,279
2234,09:30:26,$ 3724.6698,100
2235,09:30:26,$ 3724.67,100
2236,09:30:26,$ 3724.66,500
2237,09:30:26,$ 3724.66,100
2238,09:30:26,$ 3724.639,100
2239,09:30:26,$ 3723.62,500
2240,09:30:26,$ 3724.71,100
2241,09:30:26,$ 3724.02,100
2242,09:30:26,$ 3725.285,106
2243,09:30:26,$ 3723.62,100
2244,09:30:26,$ 3723.62,100
2245,09:30:26,$ 3724.84,124
2246,09:30:26,$ 3724.67,100
2248,09:30:25,$ 3724.89,100
2249,09:30:25,$ 3725.06,100
2250,09:30:25,$ 3726.91,300
2251,09:30:25,$ 3724.82,600
2252,09:30:25,$ 3726.52,187
2253,09:30:25,$ 3727.99,100
2254,09:30:25,$ 3727.99,100
2255,09:30:25,$ 3726.76,100
2256,09:30:24,$ 3726.525,100
2257,09:30:24,$ 3724.67,200
2258,09:30:24,$ 3728.3782,154
2259,09:30:24,$ 3727.60,100
2260,09:30:23,$ 3727.41,100
2261,09:30:21,$ 3728.025,100
2262,09:30:21,$ 3728.085,100
2263,09:30:21,$ 3728.00,400
2264,09:30:21,$ 3728.00,100
2265,09:30:20,$ 3729.34,100
2266,09:30:20,$ 3729.34,100
2267,09:30:20,$ 3729.34,100
2269,09:30:20,$ 3729.34,100
2270,09:30:20,$ 3729.34,100
2271,09:30:20,$ 3729.35,100
2272,09:30:20,$ 3729.34,100
2273,09:30:20,$ 3729.34,190
2274,09:30:20,$ 3729.50,100
2275,09:30:20,$ 3729.88,100
2276,09:30:20,$ 3729.92,100
2277,09:30:20,$ 3729.34,100
2278,09:30:20,$ 3729.34,100
2279,09:30:20,$ 3729.34,200
2280,09:30:20,$ 3729.34,100
2281,09:30:20,$ 3729.34,100
2282,09:30:20,$ 3729.39,100
2283,09:30:20,$ 3729.3401,100
2284,09:30:20,$ 3730.5189,277
2285,09:30:20,$ 3730.5189,106
2286,09:30:20,$ 3730.50,100
2287,09:30:20,$ 3730.43,100
2288,09:30:19,$ 3731.40,100
2290,09:30:19,$ 3730.35,100
2291,09:30:19,$ 3731.4668,500
2292,09:30:19,$ 3731.02,100
2293,09:30:19,$ 3730.46,100
2294,09:30:18,$ 3730.96,100
2295,09:30:18,$ 3730.90,100
2296,09:30:18,$ 3731.18,100
2297,09:30:18,$ 3730.35,100
2298,09:30:17,$ 3730.40,100
2299,09:30:17,$ 3730.24,113
2300,09:30:17,$ 3729.50,100
2301,09:30:16,$ 3728.55,196
2302,09:30:16,$ 3730.24,100
2303,09:30:16,$ 3728.49,100
2304,09:30:16,$ 3728.13,100
2305,09:30:15,$ 3729.06,100
2306,09:30:15,$ 3729.82,100
2307,09:30:15,$ 3730.69,300
2308,09:30:15,$ 3730.55,100
2309,09:30:15,$ 3729.11,100
2311,09:30:14,$ 3731.10,100
2312,09:30:13,$ 3731.8099,250
2313,09:30:13,$ 3730.21,100
2314,09:30:13,$ 3730.02,100
2315,09:30:13,$ 3731.05,100
2316,09:30:13,$ 3729.82,116
2317,09:30:13,$ 3729.62,100
2318,09:30:13,$ 3729.47,100
2319,09:30:12,$ 3730.00,100
2320,09:30:12,$ 3730.00,100
2321,09:30:12,$ 3729.3985,200
2322,09:30:12,$ 3728.05,"1,800"
2323,09:30:12,$ 3727.23,100
2324,09:30:12,$ 3728.76,100
2325,09:30:12,$ 3728.85,100
2326,09:30:12,$ 3728.76,100
2327,09:30:12,$ 3728.479,137
2328,09:30:12,$ 3727.655,100
2329,09:30:11,$ 3728.75,100
2330,09:30:11,$ 3727.95,106
2332,09:30:11,$ 3727.60,100
2333,09:30:11,$ 3728.00,100
2334,09:30:11,$ 3728.00,100
2335,09:30:11,$ 3727.9999,100
2336,09:30:10,$ 3717.93,100
2337,09:30:09,$ 3725.515,100
2338,09:30:09,$ 3725.87,400
2339,09:30:09,$ 3726.11,100
2340,09:30:09,$ 3726.125,200
2341,09:30:09,$ 3726.11,100
2342,09:30:08,$ 3727.00,100
2343,09:30:08,$ 3726.58,100
2344,09:30:08,$ 3720.985,100
2345,09:30:08,$ 3725.00,100
2346,09:30:08,$ 3725.00,100
2347,09:30:08,$ 3725.00,200
2348,09:30:08,$ 3725.00,100
2349,09:30:08,$ 3725.00,100
2350,09:30:07,$ 3724.68,100
2351,09:30:07,$ 3725.00,100
2353,09:30:07,$ 3723.875,100
2354,09:30:07,$ 3724.44,100
2355,09:30:07,$ 3723.965,100
2356,09:30:07,$ 3723.985,100
2357,09:30:07,$ 3724.00,217
2358,09:30:07,$ 3724.00,184
2359,09:30:07,$ 3724.00,100
2360,09:30:07,$ 3723.99,100
2361,09:30:07,$ 3723.00,100
2362,09:30:07,$ 3723.00,132
2363,09:30:07,$ 3723.00,100
2364,09:30:07,$ 3723.00,100
2365,09:30:07,$ 3722.999,200
2366,09:30:07,$ 3722.00,100
2367,09:30:07,$ 3722.99,100
2368,09:30:07,$ 3722.23,100
2369,09:30:06,$ 3722.00,100
2370,09:30:06,$ 3721.70,100
2371,09:30:06,$ 3721.92,100
2372,09:30:06,$ 3722.00,100
2374,09:30:06,$ 3722.00,100
2375,09:30:06,$ 3721.01,100
2376,09:30:05,$ 3721.54,100
2377,09:30:05,$ 3721.50,100
2378,09:30:05,$ 3722.00,100
2379,09:30:05,$ 3720.0201,500
2380,09:30:04,$ 3721.49,113
2381,09:30:04,$ 3721.00,100
2382,09:30:04,$ 3720.51,100
2383,09:30:04,$ 3721.00,100
2384,09:30:04,$ 3721.00,100
2385,09:30:04,$ 3720.99,100
2386,09:30:04,$ 3720.85,100
2387,09:30:04,$ 3720.30,200
2388,09:30:04,$ 3720.21,100
2389,09:30:04,$ 3719.05,100
2390,09:30:04,$ 3720.00,492
2391,09:30:04,$ 3720.00,121
2392,09:30:04,$ 3720.00,480
2393,09:30:04,$ 3720.00,200
2395,09:30:04,$ 3720.00,100
2396,09:30:04,$ 3720.00,100
2397,09:30:04,$ 3720.00,100
2398,09:30:03,$ 3720.00,100
2399,09:30:03,$ 3720.00,100
2400,09:30:03,$ 3720.00,100
2401,09:30:03,$ 3720.00,338
2402,09:30:03,$ 3719.94,100
2403,09:30:03,$ 3719.95,100
2404,09:30:03,$ 3719.06,100
2405,09:30:03,$ 3719.60,100
2406,09:30:03,$ 3719.60,100
2407,09:30:03,$ 3719.525,100
2408,09:30:03,$ 3719.5825,100
2409,09:30:03,$ 3719.5825,100
2410,09:30:03,$ 3719.95,100
2411,09:30:03,$ 3719.35,111
2412,09:30:03,$ 3719.81,100
2413,09:30:03,$ 3719.00,264
2414,09:30:03,$ 3718.95,100
2416,09:30:03,$ 3719.00,100
2417,09:30:03,$ 3719.00,100
2418,09:30:03,$ 3718.91,100
2419,09:30:03,$ 3717.71,100
2420,09:30:03,$ 3717.91,100
2421,09:30:03,$ 3717.81,100
2422,09:30:03,$ 3717.91,100
2423,09:30:03,$ 3717.81,100
2424,09:30:03,$ 3718.92,100
2425,09:30:03,$ 3718.95,100
2426,09:30:03,$ 3718.01,377
2427,09:30:03,$ 3718.01,216
2428,09:30:02,$ 3717.92,100
2429,09:30:02,$ 3718.00,100
2430,09:30:02,$ 3717.95,100
2431,09:30:02,$ 3717.29,12
2432,09:30:02,$ 3717.29,1
2433,09:30:02,$ 3717.29,4
2434,09:30:02,$ 3717.29,2
2435,09:30:02,$ 3717.29,1
2437,09:30:02,$ 3717.29,3
2438,09:30:02,$ 3717.29,94
2439,09:30:02,$ 3717.29,1
2440,09:30:02,$ 3717.29,1
2441,09:30:02,$ 3717.29,3
2442,09:30:02,$ 3717.29,2
2443,09:30:02,$ 3717.29,1
2444,09:30:02,$ 3717.29,1
2445,09:30:02,$ 3717.29,1
2446,09:30:02,$ 3717.29,13
2447,09:30:02,$ 3717.29,1
2448,09:30:02,$ 3717.29,1
2449,09:30:02,$ 3717.29,1
2450,09:30:02,$ 3717.29,1
2451,09:30:02,$ 3717.29,2
2452,09:30:02,$ 3717.29,3
2453,09:30:02,$ 3717.29,1
2454,09:30:02,$ 3717.29,13
2455,09:30:02,$ 3717.29,8
2456,09:30:02,$ 3717.29,6
2458,09:30:02,$ 3717.29,3
2459,09:30:02,$ 3717.29,1
2460,09:30:02,$ 3717.29,2
2461,09:30:02,$ 3717.29,2
2462,09:30:02,$ 3717.29,12
2463,09:30:02,$ 3717.29,4
2464,09:30:02,$ 3717.29,6
2465,09:30:02,$ 3717.29,1
2466,09:30:02,$ 3717.29,3
2467,09:30:02,$ 3717.29,1
2468,09:30:02,$ 3717.29,3
2469,09:30:02,$ 3717.29,1
2470,09:30:02,$ 3717.29,3
2471,09:30:02,$ 3717.29,2
2472,09:30:02,$ 3717.29,1
2473,09:30:02,$ 3717.29,1
2474,09:30:02,$ 3717.29,1
2475,09:30:02,$ 3717.29,5
2476,09:30:02,$ 3717.29,1
2477,09:30:02,$ 3717.29,3
2479,09:30:02,$ 3717.29,3
2480,09:30:02,$ 3717.29,3
2481,09:30:02,$ 3717.29,10
2482,09:30:02,$ 3717.29,1
2483,09:30:02,$ 3717.29,2
2484,09:30:02,$ 3717.29,2
2485,09:30:02,$ 3717.29,2
2486,09:30:02,$ 3717.29,1
2487,09:30:02,$ 3717.29,1
2488,09:30:02,$ 3717.29,3
2489,09:30:02,$ 3717.29,1
2490,09:30:02,$ 3717.29,2
2491,09:30:02,$ 3717.29,1
2492,09:30:02,$ 3717.29,4
2493,09:30:02,$ 3717.29,1
2494,09:30:02,$ 3717.29,4
2495,09:30:02,$ 3717.29,1
2496,09:30:02,$ 3717.29,6
2497,09:30:02,$ 3717.29,3
2498,09:30:02,$ 3717.29,2
2500,09:30:02,$ 3717.29,6
2501,09:30:02,$ 3717.29,1
2502,09:30:02,$ 3717.29,5
2503,09:30:02,$ 3717.29,3
2504,09:30:02,$ 3717.29,20
2505,09:30:02,$ 3717.29,1
2506,09:30:02,$ 3717.29,1
2507,09:30:02,$ 3717.29,1
2508,09:30:02,$ 3717.29,3
2509,09:30:02,$ 3717.29,60
2510,09:30:02,$ 3717.29,5
2511,09:30:02,$ 3717.29,10
2512,09:30:02,$ 3717.29,1
2513,09:30:02,$ 3717.29,3
2514,09:30:02,$ 3717.29,2
2515,09:30:02,$ 3717.29,13
2516,09:30:02,$ 3717.29,1
2517,09:30:02,$ 3717.29,15
2518,09:30:02,$ 3717.29,3
2519,09:30:02,$ 3717.29,10
2521,09:30:02,$ 3717.29,15
2522,09:30:02,$ 3717.29,2
2523,09:30:02,$ 3717.29,1
2524,09:30:02,$ 3717.29,3
2525,09:30:02,$ 3717.29,2
2526,09:30:02,$ 3717.29,5
2527,09:30:02,$ 3717.29,30
2528,09:30:02,$ 3717.29,2
2529,09:30:02,$ 3717.29,2
2530,09:30:02,$ 3717.29,1
2531,09:30:02,$ 3717.29,2
2532,09:30:02,$ 3717.29,3
2533,09:30:02,$ 3717.29,3
2534,09:30:02,$ 3717.29,1
2535,09:30:02,$ 3717.29,2
2536,09:30:02,$ 3717.29,1
2537,09:30:02,$ 3717.29,20
2538,09:30:02,$ 3717.29,7
2539,09:30:02,$ 3717.29,49
2540,09:30:02,$ 3717.29,7
2542,09:30:02,$ 3717.29,1
2543,09:30:02,$ 3717.29,1
2544,09:30:02,$ 3717.29,10
2545,09:30:02,$ 3717.29,1
2546,09:30:02,$ 3717.29,6
2547,09:30:02,$ 3717.29,1
2548,09:30:02,$ 3717.29,1
2549,09:30:02,$ 3717.29,3
2550,09:30:02,$ 3717.29,2
2551,09:30:02,$ 3717.29,3
2552,09:30:02,$ 3717.29,3
2553,09:30:02,$ 3717.29,2
2554,09:30:02,$ 3717.29,2
2555,09:30:02,$ 3717.29,1
2556,09:30:02,$ 3717.29,3
2557,09:30:02,$ 3717.29,2
2558,09:30:02,$ 3717.29,10
2559,09:30:02,$ 3717.29,1
2560,09:30:02,$ 3717.29,17
2561,09:30:02,$ 3717.29,2
2563,09:30:02,$ 3717.29,1
2564,09:30:02,$ 3717.29,1
2565,09:30:02,$ 3717.29,2
2566,09:30:02,$ 3717.29,1
2567,09:30:02,$ 3717.29,2
2568,09:30:02,$ 3717.29,4
2569,09:30:02,$ 3717.29,1
2570,09:30:02,$ 3717.29,2
2571,09:30:02,$ 3717.29,9
2572,09:30:02,$ 3717.29,5
2573,09:30:02,$ 3717.29,500
2574,09:30:02,$ 3717.29,1
2575,09:30:02,$ 3717.29,5
2576,09:30:02,$ 3717.29,14
2577,09:30:02,$ 3717.29,3
2578,09:30:02,$ 3717.29,7
2579,09:30:02,$ 3717.29,3
2580,09:30:02,$ 3717.29,4
2581,09:30:02,$ 3717.29,2
2582,09:30:02,$ 3717.29,11
2584,09:30:02,$ 3717.29,12
2585,09:30:02,$ 3717.29,1
2586,09:30:02,$ 3717.29,3
2587,09:30:02,$ 3717.29,2
2588,09:30:02,$ 3717.29,1
2589,09:30:02,$ 3717.29,1
2590,09:30:02,$ 3717.29,1
2591,09:30:02,$ 3717.29,2
2592,09:30:02,$ 3717.29,1
2593,09:30:02,$ 3717.29,5
2594,09:30:02,$ 3717.29,3
2595,09:30:02,$ 3717.29,1
2596,09:30:02,$ 3717.29,1
2597,09:30:02,$ 3717.29,2
2598,09:30:02,$ 3717.29,2
2599,09:30:02,$ 3717.29,3
2600,09:30:02,$ 3717.29,2
2601,09:30:02,$ 3717.29,2
2602,09:30:02,$ 3717.29,5
2603,09:30:02,$ 3717.29,1
2605,09:30:02,$ 3717.29,2
2606,09:30:02,$ 3717.29,1
2607,09:30:02,$ 3717.29,1
2608,09:30:02,$ 3717.29,3
2609,09:30:02,$ 3717.29,2
2610,09:30:02,$ 3717.29,1
2611,09:30:02,$ 3717.29,1
2612,09:30:02,$ 3717.29,10
2613,09:30:02,$ 3717.29,3
2614,09:30:02,$ 3717.29,13
2615,09:30:02,$ 3717.29,5
2616,09:30:02,$ 3717.29,5
2617,09:30:02,$ 3717.29,2
2618,09:30:02,$ 3717.29,2
2619,09:30:02,$ 3717.29,2
2620,09:30:02,$ 3717.29,1
2621,09:30:02,$ 3717.29,2
2622,09:30:02,$ 3717.29,1
2623,09:30:02,$ 3717.29,1
2624,09:30:02,$ 3717.29,380
2626,09:30:02,$ 3717.29,290
2627,09:30:02,$ 3717.29,27
2628,09:30:02,$ 3717.29,7
2629,09:30:02,$ 3717.29,249
2630,09:30:02,$ 3717.29,10
2631,09:30:02,$ 3717.29,2
2632,09:30:02,$ 3717.29,5
2633,09:30:02,$ 3717.29,3
2634,09:30:02,$ 3717.29,2
2635,09:30:02,$ 3717.29,4
2636,09:30:02,$ 3717.29,1
2637,09:30:02,$ 3717.29,15
2638,09:30:02,$ 3717.29,6
2639,09:30:02,$ 3717.29,5
2640,09:30:02,$ 3717.29,10
2641,09:30:02,$ 3717.29,50
2642,09:30:02,$ 3717.29,4
2643,09:30:02,$ 3717.29,2
2644,09:30:02,$ 3717.29,1
2645,09:30:02,$ 3717.29,1
2647,09:30:02,$ 3717.29,3
2648,09:30:02,$ 3717.29,1
2649,09:30:02,$ 3717.29,10
2650,09:30:02,$ 3717.29,1
2651,09:30:02,$ 3717.29,6
2652,09:30:02,$ 3717.29,3
2653,09:30:02,$ 3717.29,1
2654,09:30:02,$ 3717.29,10
2655,09:30:02,$ 3717.29,17
2656,09:30:02,$ 3717.29,3
2657,09:30:02,$ 3717.29,15
2658,09:30:02,$ 3717.29,40
2659,09:30:02,$ 3717.29,19
2660,09:30:02,$ 3717.29,5
2661,09:30:02,$ 3717.29,3
2662,09:30:02,$ 3717.29,2
2663,09:30:02,$ 3717.29,1
2664,09:30:02,$ 3717.29,5
2665,09:30:02,$ 3717.29,10
2666,09:30:02,$ 3717.29,7
2668,09:30:02,$ 3717.29,1
2669,09:30:02,$ 3717.29,1
2670,09:30:02,$ 3717.29,2
2671,09:30:02,$ 3717.29,3
2672,09:30:02,$ 3717.29,1
2673,09:30:02,$ 3717.29,2
2674,09:30:02,$ 3717.29,5
2675,09:30:02,$ 3717.29,5
2676,09:30:02,$ 3717.29,2
2677,09:30:02,$ 3717.29,5
2678,09:30:02,$ 3717.29,1
2679,09:30:02,$ 3717.29,1
2680,09:30:02,$ 3717.29,5
2681,09:30:02,$ 3717.29,7
2682,09:30:02,$ 3717.29,4
2683,09:30:02,$ 3717.29,2
2684,09:30:02,$ 3717.29,2
2685,09:30:02,$ 3717.29,1
2686,09:30:02,$ 3717.29,3
2687,09:30:02,$ 3717.29,1
2689,09:30:02,$ 3717.29,7
2690,09:30:02,$ 3717.29,19
2691,09:30:02,$ 3717.29,2
2692,09:30:02,$ 3717.29,2
2693,09:30:02,$ 3717.29,5
2694,09:30:02,$ 3717.29,1
2695,09:30:02,$ 3717.29,1
2696,09:30:02,$ 3717.29,1
2697,09:30:02,$ 3717.29,5
2698,09:30:02,$ 3717.29,1
2699,09:30:02,$ 3717.29,1
2700,09:30:02,$ 3717.29,1
2701,09:30:02,$ 3717.29,2
2702,09:30:02,$ 3717.29,1
2703,09:30:02,$ 3717.29,3
2704,09:30:02,$ 3717.29,2
2705,09:30:02,$ 3717.29,5
2706,09:30:02,$ 3717.29,2
2707,09:30:02,$ 3717.29,1
2708,09:30:02,$ 3717.29,1
2710,09:30:02,$ 3717.29,2
2711,09:30:02,$ 3717.29,4
2712,09:30:02,$ 3717.29,2
2713,09:30:02,$ 3717.29,1
2714,09:30:02,$ 3717.29,2
2715,09:30:02,$ 3717.29,3
2716,09:30:02,$ 3717.29,20
2717,09:30:02,$ 3717.29,1
2718,09:30:02,$ 3717.29,2
2719,09:30:02,$ 3717.29,5
2720,09:30:02,$ 3717.29,2
2721,09:30:02,$ 3717.29,1
2722,09:30:02,$ 3717.29,1
2723,09:30:02,$ 3717.29,5
2724,09:30:02,$ 3717.29,5
2725,09:30:02,$ 3717.29,6
2726,09:30:02,$ 3717.29,3
2727,09:30:02,$ 3717.29,9
2728,09:30:02,$ 3717.29,4
2729,09:30:02,$ 3717.29,1
2731,09:30:02,$ 3717.29,5
2732,09:30:02,$ 3717.29,3
2733,09:30:02,$ 3717.29,3
2734,09:30:02,$ 3717.29,2
2735,09:30:02,$ 3717.29,2
2736,09:30:02,$ 3717.29,15
2737,09:30:02,$ 3717.29,20
2738,09:30:02,$ 3717.29,7
2739,09:30:02,$ 3717.29,1
2740,09:30:02,$ 3717.29,1
2741,09:30:02,$ 3717.29,10
2742,09:30:02,$ 3717.29,1
2743,09:30:02,$ 3717.29,2
2744,09:30:02,$ 3717.29,1
2745,09:30:02,$ 3717.29,17
2746,09:30:02,$ 3717.29,5
2747,09:30:02,$ 3717.29,5
2748,09:30:02,$ 3717.29,60
2749,09:30:02,$ 3717.29,2
2750,09:30:02,$ 3717.29,5
2752,09:30:02,$ 3717.29,10
2753,09:30:02,$ 3717.29,24
2754,09:30:02,$ 3717.29,7
2755,09:30:02,$ 3717.29,2
2756,09:30:02,$ 3717.29,1
2757,09:30:02,$ 3717.29,3
2758,09:30:02,$ 3717.29,10
2759,09:30:02,$ 3717.29,1
2760,09:30:02,$ 3717.29,1
2761,09:30:02,$ 3717.29,3
2762,09:30:02,$ 3717.29,3
2763,09:30:02,$ 3717.29,5
2764,09:30:02,$ 3717.29,4
2765,09:30:02,$ 3717.29,1
2766,09:30:02,$ 3717.29,4
2767,09:30:02,$ 3717.29,4
2768,09:30:02,$ 3717.29,2
2769,09:30:02,$ 3717.29,4
2770,09:30:02,$ 3717.29,2
2771,09:30:02,$ 3717.29,30
2773,09:30:02,$ 3717.29,1
2774,09:30:02,$ 3717.29,1
2775,09:30:02,$ 3717.29,1
2776,09:30:02,$ 3717.29,10
2777,09:30:02,$ 3717.29,1
2778,09:30:02,$ 3717.29,6
2779,09:30:02,$ 3717.29,1
2780,09:30:02,$ 3717.29,3
2781,09:30:02,$ 3717.29,1
2782,09:30:02,$ 3717.29,6
2783,09:30:02,$ 3717.29,1
2784,09:30:02,$ 3717.29,1
2785,09:30:02,$ 3717.29,3
2786,09:30:02,$ 3717.29,15
2787,09:30:02,$ 3717.29,7
2788,09:30:02,$ 3717.29,1
2789,09:30:02,$ 3717.29,3
2790,09:30:02,$ 3717.29,2
2791,09:30:02,$ 3717.29,6
2792,09:30:02,$ 3717.29,9
2794,09:30:02,$ 3717.29,1
2795,09:30:02,$ 3717.29,5
2796,09:30:02,$ 3717.29,12
2797,09:30:02,$ 3717.29,15
2798,09:30:02,$ 3717.29,1
2799,09:30:02,$ 3717.29,1
2800,09:30:02,$ 3717.29,6
2801,09:30:02,$ 3717.29,4
2802,09:30:02,$ 3717.29,2
2803,09:30:02,$ 3717.29,1
2804,09:30:02,$ 3717.29,3
2805,09:30:02,$ 3717.29,2
2806,09:30:02,$ 3717.29,10
2807,09:30:02,$ 3717.29,8
2808,09:30:02,$ 3717.29,1
2809,09:30:02,$ 3717.29,1
2810,09:30:02,$ 3717.29,2
2811,09:30:02,$ 3717.29,10
2812,09:30:02,$ 3717.29,2
2813,09:30:02,$ 3717.29,1
2815,09:30:02,$ 3717.29,10
2816,09:30:02,$ 3717.29,1
2817,09:30:02,$ 3717.29,1
2818,09:30:02,$ 3717.29,1
2819,09:30:02,$ 3717.29,54
2820,09:30:02,$ 3717.29,1
2821,09:30:02,$ 3717.29,1
2822,09:30:02,$ 3717.29,6
2823,09:30:02,$ 3717.29,3
2824,09:30:02,$ 3717.29,25
2825,09:30:02,$ 3717.29,1
2826,09:30:02,$ 3717.29,6
2827,09:30:02,$ 3717.29,1
2828,09:30:02,$ 3717.29,1
2829,09:30:02,$ 3717.29,25
2830,09:30:02,$ 3717.29,2
2831,09:30:02,$ 3717.29,1
2832,09:30:02,$ 3717.29,1
2833,09:30:02,$ 3717.29,5
2834,09:30:02,$ 3717.29,5
2836,09:30:02,$ 3717.29,1
2837,09:30:02,$ 3717.29,2
2838,09:30:02,$ 3717.29,2
2839,09:30:02,$ 3717.29,6
2840,09:30:02,$ 3717.29,1
2841,09:30:02,$ 3717.29,1
2842,09:30:02,$ 3717.29,2
2843,09:30:02,$ 3717.29,1
2844,09:30:02,$ 3717.29,7
2845,09:30:02,$ 3717.29,1
2846,09:30:02,$ 3717.29,1
2847,09:30:02,$ 3717.29,1
2848,09:30:02,$ 3717.29,3
2849,09:30:02,$ 3717.29,7
2850,09:30:02,$ 3717.29,1
2851,09:30:02,$ 3717.29,1
2852,09:30:02,$ 3717.29,1
2853,09:30:02,$ 3717.29,1
2854,09:30:02,$ 3717.29,2
2855,09:30:02,$ 3717.29,1
2857,09:30:02,$ 3717.29,1
2858,09:30:02,$ 3717.29,1
2859,09:30:02,$ 3717.29,3
2860,09:30:02,$ 3717.29,2
2861,09:30:02,$ 3717.29,2
2862,09:30:02,$ 3717.29,4
2863,09:30:02,$ 3717.29,13
2864,09:30:02,$ 3717.29,1
2865,09:30:02,$ 3717.29,1
2866,09:30:02,$ 3717.29,1
2867,09:30:02,$ 3717.29,2
2868,09:30:02,$ 3717.29,1
2869,09:30:02,$ 3717.29,1
2870,09:30:02,$ 3717.29,1
2871,09:30:02,$ 3717.29,1
2872,09:30:02,$ 3717.29,1
2873,09:30:02,$ 3717.29,1
2874,09:30:02,$ 3717.29,5
2875,09:30:02,$ 3717.29,2
2876,09:30:02,$ 3717.29,2
2878,09:30:02,$ 3717.29,1
2879,09:30:02,$ 3717.29,1
2880,09:30:02,$ 3717.29,300
2881,09:30:02,$ 3717.29,2
2882,09:30:02,$ 3717.29,2
2883,09:30:02,$ 3717.29,31
2884,09:30:02,$ 3717.29,2
2885,09:30:02,$ 3717.29,1
2886,09:30:02,$ 3717.29,3
2887,09:30:02,$ 3717.29,1
2888,09:30:02,$ 3717.29,2
2889,09:30:02,$ 3717.29,1
2890,09:30:02,$ 3717.29,1
2891,09:30:02,$ 3717.29,6
2892,09:30:02,$ 3717.29,10
2893,09:30:02,$ 3717.29,1
2894,09:30:02,$ 3717.29,10
2895,09:30:02,$ 3717.29,1
2896,09:30:02,$ 3717.29,20
2897,09:30:02,$ 3717.29,2
2899,09:30:02,$ 3717.29,2
2900,09:30:02,$ 3717.29,25
2901,09:30:02,$ 3717.29,2
2902,09:30:02,$ 3717.29,3
2903,09:30:02,$ 3717.29,1
2904,09:30:02,$ 3717.29,2
2905,09:30:02,$ 3717.29,3
2906,09:30:02,$ 3717.29,23
2907,09:30:02,$ 3717.29,1
2908,09:30:02,$ 3717.29,1
2909,09:30:02,$ 3717.29,10
2910,09:30:02,$ 3717.29,3
2911,09:30:02,$ 3717.29,2
2912,09:30:02,$ 3717.29,7
2913,09:30:02,$ 3717.29,5
2914,09:30:02,$ 3717.29,1
2915,09:30:02,$ 3717.29,5
2916,09:30:02,$ 3717.29,2
2917,09:30:02,$ 3717.29,50
2918,09:30:02,$ 3717.29,5
2920,09:30:02,$ 3717.29,3
2921,09:30:02,$ 3717.29,1
2922,09:30:02,$ 3717.29,80
2923,09:30:02,$ 3717.29,2
2924,09:30:02,$ 3717.29,1
2925,09:30:02,$ 3717.29,10
2926,09:30:02,$ 3717.29,9
2927,09:30:02,$ 3717.29,1
2928,09:30:02,$ 3717.29,2
2929,09:30:02,$ 3717.29,1
2930,09:30:02,$ 3717.29,30
2931,09:30:02,$ 3717.29,3
2932,09:30:02,$ 3717.29,10
2933,09:30:02,$ 3717.29,1
2934,09:30:02,$ 3717.29,10
2935,09:30:02,$ 3717.29,10
2936,09:30:02,$ 3717.29,1
2937,09:30:02,$ 3717.29,1
2938,09:30:02,$ 3717.29,1
2939,09:30:02,$ 3717.29,2
2941,09:30:02,$ 3717.29,2
2942,09:30:02,$ 3717.29,20
2943,09:30:02,$ 3717.29,90
2944,09:30:02,$ 3717.29,1
2945,09:30:02,$ 3717.29,4
2946,09:30:02,$ 3717.29,1
2947,09:30:02,$ 3717.29,1
2948,09:30:02,$ 3717.29,6
2949,09:30:02,$ 3717.29,3
2950,09:30:02,$ 3717.29,5
2951,09:30:02,$ 3717.29,2
2952,09:30:02,$ 3717.29,1
2953,09:30:02,$ 3717.29,5
2954,09:30:02,$ 3717.29,10
2955,09:30:02,$ 3717.29,2
2956,09:30:02,$ 3717.29,1
2957,09:30:02,$ 3717.29,3
2958,09:30:02,$ 3717.29,1
2959,09:30:02,$ 3717.29,10
2960,09:30:02,$ 3717.29,3
2962,09:30:02,$ 3717.29,5
2963,09:30:02,$ 3717.29,1
2964,09:30:02,$ 3717.29,1
2965,09:30:02,$ 3717.29,3
2966,09:30:02,$ 3717.29,1
2967,09:30:02,$ 3717.29,2
2968,09:30:02,$ 3717.29,2
2969,09:30:02,$ 3717.29,2
2970,09:30:02,$ 3717.29,6
2971,09:30:02,$ 3717.29,1
2972,09:30:02,$ 3717.29,3
2973,09:30:02,$ 3717.29,3
2974,09:30:02,$ 3717.29,3
2975,09:30:02,$ 3717.29,2
2976,09:30:02,$ 3717.29,1
2977,09:30:02,$ 3717.29,3
2978,09:30:02,$ 3717.29,25
2979,09:30:02,$ 3717.29,2
2980,09:30:02,$ 3717.29,2
2981,09:30:02,$ 3717.29,1
2983,09:30:02,$ 3717.29,2
2984,09:30:02,$ 3717.29,600
2985,09:30:02,$ 3717.29,15
2986,09:30:02,$ 3717.29,100
2987,09:30:02,$ 3717.29,68
2988,09:30:02,$ 3717.29,70
2989,09:30:02,$ 3717.29,3
2990,09:30:02,$ 3717.29,2
2991,09:30:02,$ 3717.29,5
2992,09:30:02,$ 3717.29,1
2993,09:30:02,$ 3717.29,1
2994,09:30:02,$ 3717.29,1
2995,09:30:02,$ 3717.29,7
2996,09:30:02,$ 3717.29,52
2997,09:30:02,$ 3717.29,16
2998,09:30:02,$ 3717.29,2
2999,09:30:02,$ 3717.29,35
3000,09:30:02,$ 3717.29,2
3001,09:30:02,$ 3717.29,2
3002,09:30:02,$ 3717.29,2
3004,09:30:02,$ 3717.29,3
3005,09:30:02,$ 3717.29,5
3006,09:30:02,$ 3717.29,3
3007,09:30:02,$ 3717.29,2
3008,09:30:02,$ 3717.29,9
3009,09:30:02,$ 3717.29,3
3010,09:30:02,$ 3717.29,3
3011,09:30:02,$ 3717.29,1
3012,09:30:02,$ 3717.29,4
3013,09:30:02,$ 3717.29,15
3014,09:30:02,$ 3717.29,14
3015,09:30:02,$ 3717.29,4
3016,09:30:02,$ 3717.29,7
3017,09:30:02,$ 3717.29,10
3018,09:30:02,$ 3717.29,15
3019,09:30:02,$ 3717.29,2
3020,09:30:02,$ 3717.29,1
3021,09:30:02,$ 3717.29,200
3022,09:30:02,$ 3717.29,10
3023,09:30:02,$ 3717.29,1
3025,09:30:02,$ 3717.29,10
3026,09:30:02,$ 3717.29,10
3027,09:30:02,$ 3717.29,4
3028,09:30:02,$ 3717.29,3
3029,09:30:02,$ 3717.29,12
3030,09:30:02,$ 3717.29,1
3031,09:30:02,$ 3717.29,10
3032,09:30:02,$ 3717.29,1
3033,09:30:02,$ 3717.29,1
3034,09:30:02,$ 3717.29,17
3035,09:30:02,$ 3717.29,12
3036,09:30:02,$ 3717.29,200
3037,09:30:02,$ 3717.29,2
3038,09:30:02,$ 3717.29,1
3039,09:30:02,$ 3717.29,30
3040,09:30:02,$ 3717.29,4
3041,09:30:02,$ 3717.29,1
3042,09:30:02,$ 3717.29,4
3043,09:30:02,$ 3717.29,2
3044,09:30:02,$ 3717.29,2
3046,09:30:02,$ 3717.29,1
3047,09:30:02,$ 3717.29,19
3048,09:30:02,$ 3717.29,"1,000"
3049,09:30:02,$ 3717.29,1
3050,09:30:02,$ 3717.29,1
3051,09:30:02,$ 3717.29,3
3052,09:30:02,$ 3717.29,1
3053,09:30:02,$ 3717.29,11
3054,09:30:02,$ 3717.29,5
3055,09:30:02,$ 3717.29,10
3056,09:30:02,$ 3717.29,3
3057,09:30:02,$ 3717.29,35
3058,09:30:02,$ 3717.29,1
3059,09:30:02,$ 3717.29,10
3060,09:30:02,$ 3717.29,5
3061,09:30:02,$ 3717.29,1
3062,09:30:02,$ 3717.29,555
3063,09:30:02,$ 3717.29,3
3064,09:30:02,$ 3717.29,3
3065,09:30:02,$ 3717.29,4
3067,09:30:02,$ 3717.29,7
3068,09:30:02,$ 3717.29,1
3069,09:30:02,$ 3717.29,8
3070,09:30:02,$ 3717.29,15
3071,09:30:02,$ 3717.29,30
3072,09:30:02,$ 3717.29,20
3073,09:30:02,$ 3717.29,10
3074,09:30:02,$ 3717.29,16
3075,09:30:02,$ 3717.29,2
3076,09:30:02,$ 3717.29,10
3077,09:30:02,$ 3717.29,30
3078,09:30:02,$ 3717.29,8
3079,09:30:02,$ 3717.29,17
3080,09:30:02,$ 3717.29,5
3081,09:30:02,$ 3717.29,7
3082,09:30:02,$ 3717.29,6
3083,09:30:02,$ 3717.29,10
3084,09:30:02,$ 3717.29,20
3085,09:30:02,$ 3717.29,9
3086,09:30:02,$ 3717.29,5
3088,09:30:02,$ 3717.29,15
3089,09:30:02,$ 3717.29,30
3090,09:30:02,$ 3717.29,15
3091,09:30:02,$ 3717.29,10
3092,09:30:02,$ 3717.29,11
3093,09:30:02,$ 3717.29,25
3094,09:30:02,$ 3717.29,10
3095,09:30:02,$ 3717.29,13
3096,09:30:02,$ 3717.29,2
3097,09:30:02,$ 3717.29,8
3098,09:30:02,$ 3717.29,3
3099,09:30:02,$ 3717.29,8
3100,09:30:02,$ 3717.29,11
3101,09:30:02,$ 3717.29,16
3102,09:30:02,$ 3717.29,15
3103,09:30:02,$ 3717.29,5
3104,09:30:02,$ 3717.29,9
3105,09:30:02,$ 3717.29,12
3106,09:30:02,$ 3717.29,2
3107,09:30:02,$ 3717.29,6
3109,09:30:02,$ 3717.29,2
3110,09:30:02,$ 3717.29,8
3111,09:30:02,$ 3717.29,12
3112,09:30:02,$ 3717.29,5
3113,09:30:02,$ 3717.29,15
3114,09:30:02,$ 3717.29,12
3115,09:30:02,$ 3717.29,27
3116,09:30:02,$ 3717.29,22
3117,09:30:02,$ 3717.29,7
3118,09:30:02,$ 3717.29,2
3119,09:30:02,$ 3717.29,14
3120,09:30:02,$ 3717.29,8
3121,09:30:02,$ 3717.29,2
3122,09:30:02,$ 3717.29,4
3123,09:30:02,$ 3717.29,8
3124,09:30:02,$ 3717.29,10
3125,09:30:02,$ 3717.29,10
3126,09:30:02,$ 3717.29,2
3127,09:30:02,$ 3717.29,12
3128,09:30:02,$ 3717.29,10
3130,09:30:02,$ 3717.29,12
3131,09:30:02,$ 3717.29,1
3132,09:30:02,$ 3717.29,1
3133,09:30:02,$ 3717.29,3
3134,09:30:02,$ 3717.29,3
3135,09:30:02,$ 3717.29,4
3136,09:30:02,$ 3717.29,1
3137,09:30:02,$ 3717.29,9
3138,09:30:02,$ 3717.29,19
3139,09:30:02,$ 3717.29,20
3140,09:30:02,$ 3717.29,7
3141,09:30:02,$ 3717.29,2
3142,09:30:02,$ 3717.29,15
3143,09:30:02,$ 3717.29,12
3144,09:30:02,$ 3717.29,8
3145,09:30:02,$ 3717.29,30
3146,09:30:02,$ 3717.29,20
3147,09:30:02,$ 3717.29,1
3148,09:30:02,$ 3717.29,18
3149,09:30:02,$ 3717.29,12
3151,09:30:02,$ 3717.29,50
3152,09:30:02,$ 3717.29,80
3153,09:30:02,$ 3717.29,100
3154,09:30:02,$ 3717.29,200
3155,09:30:02,$ 3717.29,550
3156,09:30:02,$ 3717.29,1
3157,09:30:02,$ 3717.29,1
3158,09:30:02,$ 3717.29,8
3159,09:30:02,$ 3717.29,1
3160,09:30:02,$ 3717.29,1
3161,09:30:02,$ 3717.29,2
3162,09:30:02,$ 3717.29,508
3163,09:30:02,$ 3717.29,1
3164,09:30:02,$ 3717.29,1
3165,09:30:02,$ 3717.29,1
3166,09:30:02,$ 3717.29,2
3167,09:30:02,$ 3717.29,1
3168,09:30:02,$ 3717.29,15
3169,09:30:02,$ 3717.29,1
3170,09:30:02,$ 3717.29,1
3172,09:30:02,$ 3717.29,1
3173,09:30:02,$ 3717.29,6
3174,09:30:02,$ 3717.29,2
3175,09:30:02,$ 3717.29,1
3176,09:30:02,$ 3717.29,2
3177,09:30:02,$ 3717.29,1
3178,09:30:02,$ 3717.29,14
3179,09:30:02,$ 3717.29,10
3180,09:30:02,$ 3717.29,5
3181,09:30:02,$ 3717.29,2
3182,09:30:02,$ 3717.29,1
3183,09:30:02,$ 3717.29,2
3184,09:30:02,$ 3717.29,2
3185,09:30:02,$ 3717.29,1
3186,09:30:02,$ 3717.29,1
3187,09:30:02,$ 3717.29,1
3188,09:30:02,$ 3717.29,4
3189,09:30:02,$ 3717.29,20
3190,09:30:02,$ 3717.29,3
3191,09:30:02,$ 3717.29,1
3193,09:30:02,$ 3717.29,2
3194,09:30:02,$ 3717.29,150
3195,09:30:02,$ 3717.29,5
3196,09:30:02,$ 3717.29,1
3197,09:30:02,$ 3717.29,1
3198,09:30:02,$ 3717.29,1
3199,09:30:02,$ 3717.29,1
3200,09:30:02,$ 3717.29,1
3201,09:30:02,$ 3717.29,1
3202,09:30:02,$ 3717.29,1
3203,09:30:02,$ 3717.29,10
3204,09:30:02,$ 3717.29,1
3205,09:30:02,$ 3717.29,1
3206,09:30:02,$ 3717.29,2
3207,09:30:02,$ 3717.29,3
3208,09:30:02,$ 3717.29,2
3209,09:30:02,$ 3717.29,5
3210,09:30:02,$ 3717.29,2
3211,09:30:02,$ 3717.29,4
3212,09:30:02,$ 3717.29,1
3214,09:30:02,$ 3717.29,1
3215,09:30:02,$ 3717.29,1
3216,09:30:02,$ 3717.29,3
3217,09:30:02,$ 3717.29,9
3218,09:30:02,$ 3717.29,1
3219,09:30:02,$ 3717.29,1
3220,09:30:02,$ 3717.29,1
3221,09:30:02,$ 3717.29,50
3222,09:30:02,$ 3717.29,1
3223,09:30:02,$ 3717.29,1
3224,09:30:02,$ 3717.29,1
3225,09:30:02,$ 3717.29,1
3226,09:30:02,$ 3717.29,1
3227,09:30:02,$ 3717.29,10
3228,09:30:02,$ 3717.29,5
3229,09:30:02,$ 3717.29,3
3230,09:30:02,$ 3717.29,5
3231,09:30:02,$ 3717.29,1
3232,09:30:02,$ 3717.29,1
3233,09:30:02,$ 3717.29,2
3235,09:30:02,$ 3717.29,2
3236,09:30:02,$ 3717.29,6
3237,09:30:02,$ 3717.29,10
3238,09:30:02,$ 3717.29,1
3239,09:30:02,$ 3717.29,15
3240,09:30:02,$ 3717.29,1
3241,09:30:02,$ 3717.29,2
3242,09:30:02,$ 3717.29,25
3243,09:30:02,$ 3717.29,1
3244,09:30:02,$ 3717.29,7
3245,09:30:02,$ 3717.29,2
3246,09:30:02,$ 3717.29,1
3247,09:30:02,$ 3717.29,1
3248,09:30:02,$ 3717.29,10
3249,09:30:02,$ 3717.29,2
3250,09:30:02,$ 3717.29,32
3251,09:30:02,$ 3717.29,5
3252,09:30:02,$ 3717.29,1
3253,09:30:02,$ 3717.29,4
3254,09:30:02,$ 3717.29,6
3256,09:30:02,$ 3717.29,20
3257,09:30:02,$ 3717.29,1
3258,09:30:02,$ 3717.29,1
3259,09:30:02,$ 3717.29,200
3260,09:30:02,$ 3717.29,3
3261,09:30:02,$ 3717.29,2
3262,09:30:02,$ 3717.29,1
3263,09:30:02,$ 3717.29,1
3264,09:30:02,$ 3717.29,40
3265,09:30:02,$ 3717.29,1
3266,09:30:02,$ 3717.29,41
3267,09:30:02,$ 3717.29,9
3268,09:30:02,$ 3717.29,24
3269,09:30:02,$ 3717.29,1
3270,09:30:02,$ 3717.29,2
3271,09:30:02,$ 3717.29,5
3272,09:30:02,$ 3717.29,28
3273,09:30:02,$ 3717.29,2
3274,09:30:02,$ 3717.29,3
3275,09:30:02,$ 3717.29,3
3277,09:30:02,$ 3717.29,160
3278,09:30:02,$ 3717.29,8
3279,09:30:02,$ 3717.29,6
3280,09:30:02,$ 3717.29,55
3281,09:30:02,$ 3717.29,6
3282,09:30:02,$ 3717.29,5
3283,09:30:02,$ 3717.29,140
3284,09:30:02,$ 3717.29,1
3285,09:30:02,$ 3717.29,10
3286,09:30:02,$ 3717.29,1
3287,09:30:02,$ 3717.29,5
3288,09:30:02,$ 3717.29,1
3289,09:30:02,$ 3717.29,2
3290,09:30:02,$ 3717.29,1
3291,09:30:02,$ 3717.29,1
3292,09:30:02,$ 3717.29,1
3293,09:30:02,$ 3717.29,10
3294,09:30:02,$ 3717.29,1
3295,09:30:02,$ 3717.29,15
3296,09:30:02,$ 3717.29,1
3298,09:30:02,$ 3717.29,10
3299,09:30:02,$ 3717.29,1
3300,09:30:02,$ 3717.29,4
3301,09:30:02,$ 3717.29,1
3302,09:30:02,$ 3717.29,2
3303,09:30:02,$ 3717.29,2
3304,09:30:02,$ 3717.29,1
3305,09:30:02,$ 3717.29,1
3306,09:30:02,$ 3717.29,3
3307,09:30:02,$ 3717.29,1
3308,09:30:02,$ 3717.29,1
3309,09:30:02,$ 3717.29,1
3310,09:30:02,$ 3717.29,1
3311,09:30:02,$ 3717.29,24
3312,09:30:02,$ 3717.29,6
3313,09:30:02,$ 3717.29,11
3314,09:30:02,$ 3717.29,1
3315,09:30:02,$ 3717.29,1
3316,09:30:02,$ 3717.29,9
3317,09:30:02,$ 3717.29,1
3319,09:30:02,$ 3717.29,3
3320,09:30:02,$ 3717.29,10
3321,09:30:02,$ 3717.29,2
3322,09:30:02,$ 3717.29,1
3323,09:30:02,$ 3717.29,1
3324,09:30:02,$ 3717.29,1
3325,09:30:02,$ 3717.29,2
3326,09:30:02,$ 3717.29,1
3327,09:30:02,$ 3717.29,10
3328,09:30:02,$ 3717.29,1
3329,09:30:02,$ 3717.29,1
3330,09:30:02,$ 3717.29,1
3331,09:30:02,$ 3717.29,1
3332,09:30:02,$ 3717.29,1
3333,09:30:02,$ 3717.29,1
3334,09:30:02,$ 3717.29,50
3335,09:30:02,$ 3717.29,1
3336,09:30:02,$ 3717.29,1
3337,09:30:02,$ 3717.29,1
3338,09:30:02,$ 3717.29,1
3340,09:30:02,$ 3717.29,1
3341,09:30:02,$ 3717.29,1
3342,09:30:02,$ 3717.29,1
3343,09:30:02,$ 3717.29,1
3344,09:30:02,$ 3717.29,1
3345,09:30:02,$ 3717.29,1
3346,09:30:02,$ 3717.29,5
3347,09:30:02,$ 3717.29,1
3348,09:30:02,$ 3717.29,2
3349,09:30:02,$ 3717.29,2
3350,09:30:02,$ 3717.29,5
3351,09:30:02,$ 3717.29,10
3352,09:30:02,$ 3717.29,8
3353,09:30:02,$ 3717.29,1
3354,09:30:02,$ 3717.29,4
3355,09:30:02,$ 3717.29,3
3356,09:30:02,$ 3717.29,1
3357,09:30:02,$ 3717.29,1
3358,09:30:02,$ 3717.29,1
3359,09:30:02,$ 3717.29,1
3361,09:30:02,$ 3717.29,1
3362,09:30:02,$ 3717.29,1
3363,09:30:02,$ 3717.29,5
3364,09:30:02,$ 3717.29,13
3365,09:30:02,$ 3717.29,1
3366,09:30:02,$ 3717.29,1
3367,09:30:02,$ 3717.29,1
3368,09:30:02,$ 3717.29,2
3369,09:30:02,$ 3717.29,54
3370,09:30:02,$ 3717.29,6
3371,09:30:02,$ 3717.29,1
3372,09:30:02,$ 3717.29,1
3373,09:30:02,$ 3717.29,3
3374,09:30:02,$ 3717.29,2
3375,09:30:02,$ 3717.29,1
3376,09:30:02,$ 3717.29,1
3377,09:30:02,$ 3717.29,1
3378,09:30:02,$ 3717.29,1
3379,09:30:02,$ 3717.29,1
3380,09:30:02,$ 3717.29,2
3382,09:30:02,$ 3717.29,1
3383,09:30:02,$ 3717.29,1
3384,09:30:02,$ 3717.29,1
3385,09:30:02,$ 3717.29,10
3386,09:30:02,$ 3717.29,2
3387,09:30:02,$ 3717.29,20
3388,09:30:02,$ 3717.29,3
3389,09:30:02,$ 3717.29,3
3390,09:30:02,$ 3717.29,1
3391,09:30:02,$ 3717.29,5
3392,09:30:02,$ 3717.29,1
3393,09:30:02,$ 3717.29,1
3394,09:30:02,$ 3717.29,1
3395,09:30:02,$ 3717.29,1
3396,09:30:02,$ 3717.29,1
3397,09:30:02,$ 3717.29,1
3398,09:30:02,$ 3717.29,5
3399,09:30:02,$ 3717.29,1
3400,09:30:02,$ 3717.29,2
3401,09:30:02,$ 3717.29,2
3403,09:30:02,$ 3717.29,2
3404,09:30:02,$ 3717.29,4
3405,09:30:02,$ 3717.29,3
3406,09:30:02,$ 3717.29,3
3407,09:30:02,$ 3717.29,50
3408,09:30:02,$ 3717.29,4
3409,09:30:02,$ 3717.29,5
3410,09:30:02,$ 3717.29,5
3411,09:30:02,$ 3717.29,2
3412,09:30:02,$ 3717.29,2
3413,09:30:02,$ 3717.29,419
3414,09:30:02,$ 3717.29,1
3415,09:30:02,$ 3717.29,1
3416,09:30:02,$ 3717.29,14
3417,09:30:02,$ 3717.29,1
3418,09:30:02,$ 3717.29,8
3419,09:30:02,$ 3717.29,3
3420,09:30:02,$ 3717.29,1
3421,09:30:02,$ 3717.29,4
3422,09:30:02,$ 3717.29,3
3424,09:30:02,$ 3717.29,1
3425,09:30:02,$ 3717.29,1
3426,09:30:02,$ 3717.29,1
3427,09:30:02,$ 3717.29,1
3428,09:30:02,$ 3717.29,2
3429,09:30:02,$ 3717.29,150
3430,09:30:02,$ 3717.29,1
3431,09:30:02,$ 3717.29,20
3432,09:30:02,$ 3717.29,1
3433,09:30:02,$ 3717.29,20
3434,09:30:02,$ 3717.29,7
3435,09:30:02,$ 3717.29,2
3436,09:30:02,$ 3717.29,1
3437,09:30:02,$ 3717.29,1
3438,09:30:02,$ 3717.29,1
3439,09:30:02,$ 3717.29,2
3440,09:30:02,$ 3717.29,4
3441,09:30:02,$ 3717.29,1
3442,09:30:02,$ 3717.29,5
3443,09:30:02,$ 3717.29,1
3445,09:30:02,$ 3717.29,1
3446,09:30:02,$ 3717.29,12
3447,09:30:02,$ 3717.29,1
3448,09:30:02,$ 3717.29,3
3449,09:30:02,$ 3717.29,1
3450,09:30:02,$ 3717.29,10
3451,09:30:02,$ 3717.29,10
3452,09:30:02,$ 3717.29,3
3453,09:30:02,$ 3717.29,3
3454,09:30:02,$ 3717.29,5
3455,09:30:02,$ 3717.29,1
3456,09:30:02,$ 3717.29,40
3457,09:30:02,$ 3717.29,2
3458,09:30:02,$ 3717.29,2
3459,09:30:02,$ 3717.29,3
3460,09:30:02,$ 3717.29,10
3461,09:30:02,$ 3717.29,9
3462,09:30:02,$ 3717.29,2
3463,09:30:02,$ 3717.29,1
3464,09:30:02,$ 3717.29,25
3466,09:30:02,$ 3717.29,1
3467,09:30:02,$ 3717.29,5
3468,09:30:02,$ 3717.29,1
3469,09:30:02,$ 3717.29,5
3470,09:30:02,$ 3717.29,5
3471,09:30:02,$ 3717.29,11
3472,09:30:02,$ 3717.29,5
3473,09:30:02,$ 3717.29,2
3474,09:30:02,$ 3717.29,4
3475,09:30:02,$ 3717.29,3
3476,09:30:02,$ 3717.29,12
3477,09:30:02,$ 3717.29,1
3478,09:30:02,$ 3717.29,3
3479,09:30:02,$ 3717.29,1
3480,09:30:02,$ 3717.29,20
3481,09:30:02,$ 3717.29,1
3482,09:30:02,$ 3717.29,10
3483,09:30:02,$ 3717.29,3
3484,09:30:02,$ 3717.29,1
3485,09:30:02,$ 3717.29,2
3487,09:30:02,$ 3717.29,4
3488,09:30:02,$ 3717.29,1
3489,09:30:02,$ 3717.29,50
3490,09:30:02,$ 3717.29,1
3491,09:30:02,$ 3717.29,20
3492,09:30:02,$ 3717.29,1
3493,09:30:02,$ 3717.29,7
3494,09:30:02,$ 3717.29,1
3495,09:30:02,$ 3717.29,2
3496,09:30:02,$ 3717.29,1
3497,09:30:02,$ 3717.29,1
3498,09:30:02,$ 3717.29,4
3499,09:30:02,$ 3717.29,20
3500,09:30:02,$ 3717.29,1
3501,09:30:02,$ 3717.29,20
3502,09:30:02,$ 3717.29,2
3503,09:30:02,$ 3717.29,1
3504,09:30:02,$ 3717.29,1
3505,09:30:02,$ 3717.29,1
3506,09:30:02,$ 3717.29,5
3508,09:30:02,$ 3717.29,4
3509,09:30:02,$ 3717.29,1
3510,09:30:02,$ 3717.29,104
3511,09:30:02,$ 3717.29,4
3512,09:30:02,$ 3717.29,6
3513,09:30:02,$ 3717.29,1
3514,09:30:02,$ 3717.29,10
3515,09:30:02,$ 3717.29,8
3516,09:30:02,$ 3717.29,11
3517,09:30:02,$ 3717.29,1
3518,09:30:02,$ 3717.29,10
3519,09:30:02,$ 3717.29,15
3520,09:30:02,$ 3717.29,203
3521,09:30:02,$ 3717.29,2
3522,09:30:02,$ 3717.29,4
3523,09:30:02,$ 3717.29,"2,660"
3524,09:30:02,$ 3717.29,2
3525,09:30:02,$ 3717.29,1
3526,09:30:02,$ 3717.29,6
3527,09:30:02,$ 3717.29,3
3529,09:30:02,$ 3717.29,1
3530,09:30:02,$ 3717.29,5
3531,09:30:02,$ 3717.29,2
3532,09:30:02,$ 3717.29,50
3533,09:30:02,$ 3717.29,3
3534,09:30:02,$ 3717.29,13
3535,09:30:02,$ 3717.29,4
3536,09:30:02,$ 3717.29,6
3537,09:30:02,$ 3717.29,2
3538,09:30:02,$ 3717.29,110
3539,09:30:02,$ 3717.29,1
3540,09:30:02,$ 3717.29,5
3541,09:30:02,$ 3717.29,7
3542,09:30:02,$ 3717.29,2
3543,09:30:02,$ 3717.29,28
3544,09:30:02,$ 3717.29,1
3545,09:30:02,$ 3717.29,4
3546,09:30:02,$ 3717.29,1
3547,09:30:02,$ 3717.29,1
3548,09:30:02,$ 3717.29,3
3550,09:30:02,$ 3717.29,2
3551,09:30:02,$ 3717.29,1
3552,09:30:02,$ 3717.29,8
3553,09:30:02,$ 3717.29,100
3554,09:30:02,$ 3717.29,1
3555,09:30:02,$ 3717.29,41
3556,09:30:02,$ 3717.29,2
3557,09:30:02,$ 3717.29,10
3558,09:30:02,$ 3717.29,75
3559,09:30:02,$ 3717.29,1
3560,09:30:02,$ 3717.29,3
3561,09:30:02,$ 3717.29,3
3562,09:30:02,$ 3717.29,7
3563,09:30:02,$ 3717.29,30
3564,09:30:02,$ 3717.29,15
3565,09:30:02,$ 3717.29,1
3566,09:30:02,$ 3717.29,1
3567,09:30:02,$ 3717.29,1
3568,09:30:02,$ 3717.29,1
3569,09:30:02,$ 3717.29,1
3571,09:30:02,$ 3717.29,2
3572,09:30:02,$ 3717.29,1
3573,09:30:02,$ 3717.29,2
3574,09:30:02,$ 3717.29,1
3575,09:30:02,$ 3717.29,4
3576,09:30:02,$ 3717.29,1
3577,09:30:02,$ 3717.29,10
3578,09:30:02,$ 3717.29,30
3579,09:30:02,$ 3717.29,2
3580,09:30:02,$ 3717.29,10
3581,09:30:02,$ 3717.29,5
3582,09:30:02,$ 3717.29,30
3583,09:30:02,$ 3717.29,1
3584,09:30:02,$ 3717.29,2
3585,09:30:02,$ 3717.29,1
3586,09:30:02,$ 3717.29,2
3587,09:30:02,$ 3717.29,1
3588,09:30:02,$ 3717.29,15
3589,09:30:02,$ 3717.29,1
3590,09:30:02,$ 3717.29,2
3592,09:30:02,$ 3717.29,16
3593,09:30:02,$ 3717.29,1
3594,09:30:02,$ 3717.29,3
3595,09:30:02,$ 3717.29,71
3596,09:30:02,$ 3717.29,10
3597,09:30:02,$ 3717.29,100
3598,09:30:02,$ 3717.29,2
3599,09:30:02,$ 3717.29,400
3600,09:30:02,$ 3717.29,3
3601,09:30:02,$ 3717.29,10
3602,09:30:02,$ 3717.29,73
3603,09:30:02,$ 3717.29,25
3604,09:30:02,$ 3717.29,7
3605,09:30:02,$ 3717.29,2
3606,09:30:02,$ 3717.29,1
3607,09:30:02,$ 3717.29,2
3608,09:30:02,$ 3717.29,1
3609,09:30:02,$ 3717.29,2
3610,09:30:02,$ 3717.29,2
3611,09:30:02,$ 3717.29,1
3613,09:30:02,$ 3717.29,2
3614,09:30:02,$ 3717.29,3
3615,09:30:02,$ 3717.29,2
3616,09:30:02,$ 3717.29,1
3617,09:30:02,$ 3717.29,1
3618,09:30:02,$ 3717.29,4
3619,09:30:02,$ 3717.29,6
3620,09:30:02,$ 3717.29,1
3621,09:30:02,$ 3717.29,3
3622,09:30:02,$ 3717.29,3
3623,09:30:02,$ 3717.29,1
3624,09:30:02,$ 3717.29,2
3625,09:30:02,$ 3717.29,6
3626,09:30:02,$ 3717.29,2
3627,09:30:02,$ 3717.29,4
3628,09:30:02,$ 3717.29,2
3629,09:30:02,$ 3717.29,2
3630,09:30:02,$ 3717.29,3
3631,09:30:02,$ 3717.29,2
3632,09:30:02,$ 3717.29,1
3634,09:30:02,$ 3717.29,1
3635,09:30:02,$ 3717.29,2
3636,09:30:02,$ 3717.29,8
3637,09:30:02,$ 3717.29,2
3638,09:30:02,$ 3717.29,5
3639,09:30:02,$ 3717.29,2
3640,09:30:02,$ 3717.29,1
3641,09:30:02,$ 3717.29,4
3642,09:30:02,$ 3717.29,3
3643,09:30:02,$ 3717.29,5
3644,09:30:02,$ 3717.29,2
3645,09:30:02,$ 3717.29,2
3646,09:30:02,$ 3717.29,1
3647,09:30:02,$ 3717.29,6
3648,09:30:02,$ 3717.29,3
3649,09:30:02,$ 3717.29,5
3650,09:30:02,$ 3717.29,32
3651,09:30:02,$ 3717.29,1
3652,09:30:02,$ 3717.29,2
3653,09:30:02,$ 3717.29,3
3655,09:30:02,$ 3717.29,1
3656,09:30:02,$ 3717.29,3
3657,09:30:02,$ 3717.29,14
3658,09:30:02,$ 3717.29,2
3659,09:30:02,$ 3717.29,1
3660,09:30:02,$ 3717.29,3
3661,09:30:02,$ 3717.29,5
3662,09:30:02,$ 3717.29,3
3663,09:30:02,$ 3717.29,1
3664,09:30:02,$ 3717.29,1
3665,09:30:02,$ 3717.29,1
3666,09:30:02,$ 3717.29,2
3667,09:30:02,$ 3717.29,2
3668,09:30:02,$ 3717.29,2
3669,09:30:02,$ 3717.29,12
3670,09:30:02,$ 3717.29,2
3671,09:30:02,$ 3717.29,30
3672,09:30:02,$ 3717.29,3
3673,09:30:02,$ 3717.29,5
3674,09:30:02,$ 3717.29,1
3676,09:30:02,$ 3717.29,100
3677,09:30:02,$ 3717.29,30
3678,09:30:02,$ 3717.29,1
3679,09:30:02,$ 3717.29,12
3680,09:30:02,$ 3717.29,1
3681,09:30:02,$ 3717.29,2
3682,09:30:02,$ 3717.29,1
3683,09:30:02,$ 3717.29,1
3684,09:30:02,$ 3717.29,47
3685,09:30:02,$ 3717.29,1
3686,09:30:02,$ 3717.29,5
3687,09:30:02,$ 3717.29,10
3688,09:30:02,$ 3717.29,1
3689,09:30:02,$ 3717.29,2
3690,09:30:02,$ 3717.29,1
3691,09:30:02,$ 3717.29,1
3692,09:30:02,$ 3717.29,2
3693,09:30:02,$ 3717.29,1
3694,09:30:02,$ 3717.29,10
3695,09:30:02,$ 3717.29,1
3697,09:30:02,$ 3717.29,6
3698,09:30:02,$ 3717.29,50
3699,09:30:02,$ 3717.29,13
3700,09:30:02,$ 3717.29,2
3701,09:30:02,$ 3717.29,5
3702,09:30:02,$ 3717.29,20
3703,09:30:02,$ 3717.29,3
3704,09:30:02,$ 3717.29,9
3705,09:30:02,$ 3717.29,1
3706,09:30:02,$ 3717.29,2
3707,09:30:02,$ 3717.29,1
3708,09:30:02,$ 3717.29,4
3709,09:30:02,$ 3717.29,1
3710,09:30:02,$ 3717.29,3
3711,09:30:02,$ 3717.29,1
3712,09:30:02,$ 3717.29,25
3713,09:30:02,$ 3717.29,2
3714,09:30:02,$ 3717.29,1
3715,09:30:02,$ 3717.29,14
3716,09:30:02,$ 3717.29,3
3718,09:30:02,$ 3717.29,2
3719,09:30:02,$ 3717.29,20
3720,09:30:02,$ 3717.29,4
3721,09:30:02,$ 3717.29,5
3722,09:30:02,$ 3717.29,1
3723,09:30:02,$ 3717.29,2
3724,09:30:02,$ 3717.29,1
3725,09:30:02,$ 3717.29,3
3726,09:30:02,$ 3717.29,1
3727,09:30:02,$ 3717.29,5
3728,09:30:02,$ 3717.29,8
3729,09:30:02,$ 3717.29,4
3730,09:30:02,$ 3717.29,1
3731,09:30:02,$ 3717.29,2
3732,09:30:02,$ 3717.29,10
3733,09:30:02,$ 3717.29,10
3734,09:30:02,$ 3717.29,3
3735,09:30:02,$ 3717.29,1
3736,09:30:02,$ 3717.29,100
3737,09:30:02,$ 3717.29,1
3739,09:30:02,$ 3717.29,1
3740,09:30:02,$ 3717.29,11
3741,09:30:02,$ 3717.29,2
3742,09:30:02,$ 3717.29,1
3743,09:30:02,$ 3717.29,1
3744,09:30:02,$ 3717.29,33
3745,09:30:02,$ 3717.29,5
3746,09:30:02,$ 3717.29,12
3747,09:30:02,$ 3717.29,5
3748,09:30:02,$ 3717.29,15
3749,09:30:02,$ 3717.29,1
3750,09:30:02,$ 3717.29,10
3751,09:30:02,$ 3717.29,1
3752,09:30:02,$ 3717.29,5
3753,09:30:02,$ 3717.29,2
3754,09:30:02,$ 3717.29,3
3755,09:30:02,$ 3717.29,1
3756,09:30:02,$ 3717.29,1
3757,09:30:02,$ 3717.29,1
3758,09:30:02,$ 3717.29,2
3760,09:30:02,$ 3717.29,10
3761,09:30:02,$ 3717.29,3
3762,09:30:02,$ 3717.29,8
3763,09:30:02,$ 3717.29,5
3764,09:30:02,$ 3717.29,2
3765,09:30:02,$ 3717.29,1
3766,09:30:02,$ 3717.29,1
3767,09:30:02,$ 3717.29,1
3768,09:30:02,$ 3717.29,2
3769,09:30:02,$ 3717.29,1
3770,09:30:02,$ 3717.29,1
3771,09:30:02,$ 3717.29,10
3772,09:30:02,$ 3717.29,3
3773,09:30:02,$ 3717.29,2
3774,09:30:02,$ 3717.29,1
3775,09:30:02,$ 3717.29,30
3776,09:30:02,$ 3717.29,5
3777,09:30:02,$ 3717.29,3
3778,09:30:02,$ 3717.29,3
3779,09:30:02,$ 3717.29,1
3781,09:30:02,$ 3717.29,2
3782,09:30:02,$ 3717.29,5
3783,09:30:02,$ 3717.29,3
3784,09:30:02,$ 3717.29,4
3785,09:30:02,$ 3717.29,1
3786,09:30:02,$ 3717.29,1
3787,09:30:02,$ 3717.29,5
3788,09:30:02,$ 3717.29,1
3789,09:30:02,$ 3717.29,3
3790,09:30:02,$ 3717.29,85
3791,09:30:02,$ 3717.29,289
3792,09:30:02,$ 3717.29,4
3793,09:30:02,$ 3717.29,15
3794,09:30:02,$ 3717.29,3
3795,09:30:02,$ 3717.29,2
3796,09:30:02,$ 3717.29,2
3797,09:30:02,$ 3717.29,5
3798,09:30:02,$ 3717.29,1
3799,09:30:02,$ 3717.29,100
3800,09:30:02,$ 3717.29,2
3802,09:30:02,$ 3717.29,"2,000"
3803,09:30:02,$ 3717.29,2
3804,09:30:02,$ 3717.29,3
3805,09:30:02,$ 3717.29,20
3806,09:30:02,$ 3717.29,3
3807,09:30:02,$ 3717.29,50
3808,09:30:02,$ 3717.29,10
3809,09:30:02,$ 3717.29,1
3810,09:30:02,$ 3717.29,1
3811,09:30:02,$ 3717.29,3
3812,09:30:02,$ 3717.29,1
3813,09:30:02,$ 3717.29,2
3814,09:30:02,$ 3717.29,1
3815,09:30:02,$ 3717.29,3
3816,09:30:02,$ 3717.29,8
3817,09:30:02,$ 3717.29,1
3818,09:30:02,$ 3717.29,500
3819,09:30:02,$ 3717.29,4
3820,09:30:02,$ 3717.29,1
3821,09:30:02,$ 3717.29,1
3823,09:30:02,$ 3717.29,18
3824,09:30:02,$ 3717.29,3
3825,09:30:02,$ 3717.29,1
3826,09:30:02,$ 3717.29,5
3827,09:30:02,$ 3717.29,10
3828,09:30:02,$ 3717.29,25
3829,09:30:02,$ 3717.29,1
3830,09:30:02,$ 3717.29,1
3831,09:30:02,$ 3717.29,5
3832,09:30:02,$ 3717.29,14
3833,09:30:02,$ 3717.29,1
3834,09:30:02,$ 3717.29,1
3835,09:30:02,$ 3717.29,3
3836,09:30:02,$ 3717.29,100
