,NLS Time (ET),NLS Price,NLS Share Volume
1,09:59:57,$ 3253.65,100
2,09:59:57,$ 3253.73,100
3,09:59:47,$ 3253.645,100
4,09:59:35,$ 3253.805,100
5,09:59:34,$ 3253.79,200
6,09:59:33,$ 3253.785,100
7,09:59:33,$ 3253.78,100
8,09:59:32,$ 3254.00,100
9,09:59:32,$ 3254.00,100
10,09:59:32,$ 3254.00,100
11,09:59:32,$ 3254.00,100
12,09:59:32,$ 3254.00,100
13,09:59:32,$ 3254.00,103
14,09:59:32,$ 3254.00,100
15,09:59:27,$ 3253.34,100
16,09:59:22,$ 3253.535,100
17,09:59:18,$ 3253.01,195
18,09:59:18,$ 3252.87,100
19,09:59:07,$ 3251.93,100
20,09:59:05,$ 3251.65,100
22,09:59:03,$ 3251.09,100
23,09:58:57,$ 3251.37,100
24,09:58:52,$ 3251.09,100
25,09:58:52,$ 3251.25,100
26,09:58:52,$ 3252.01,100
27,09:58:52,$ 3252.01,100
28,09:58:52,$ 3252.00,216
29,09:58:52,$ 3252.00,528
30,09:58:52,$ 3252.00,"1,048"
31,09:58:52,$ 3252.04,100
32,09:58:48,$ 3252.50,100
33,09:58:44,$ 3253.52,100
34,09:58:43,$ 3253.24,100
35,09:58:43,$ 3253.10,100
36,09:58:35,$ 3252.94,100
37,09:58:32,$ 3252.775,100
38,09:58:32,$ 3252.775,100
39,09:58:23,$ 3253.495,100
40,09:58:23,$ 3253.50,100
41,09:58:12,$ 3253.495,100
43,09:58:00,$ 3254.00,400
44,09:58:00,$ 3254.00,100
45,09:57:49,$ 3251.00,"1,637"
46,09:57:44,$ 3251.86,100
47,09:57:44,$ 3251.85,100
48,09:57:44,$ 3251.90,100
49,09:57:42,$ 3251.7345,100
50,09:57:41,$ 3252.02,100
51,09:57:41,$ 3251.67,100
52,09:57:32,$ 3252.00,102
53,09:57:19,$ 3251.21,100
54,09:57:19,$ 3250.58,100
55,09:57:16,$ 3250.588,100
56,09:57:11,$ 3250.88,155
57,09:57:03,$ 3253.0307,200
58,09:57:01,$ 3252.85,100
59,09:57:01,$ 3252.68,100
60,09:56:53,$ 3252.73,100
61,09:56:50,$ 3252.65,100
62,09:56:48,$ 3253.2851,101
64,09:56:33,$ 3253.94,100
65,09:56:33,$ 3253.94,100
66,09:56:29,$ 3252.76,200
67,09:56:28,$ 3252.01,100
68,09:56:24,$ 3252.44,100
69,09:56:11,$ 3252.905,101
70,09:56:10,$ 3253.50,100
71,09:56:08,$ 3252.93,100
72,09:56:04,$ 3253.57,100
73,09:56:04,$ 3253.63,100
74,09:55:50,$ 3254.00,100
75,09:55:41,$ 3254.61,100
76,09:55:38,$ 3252.6901,101
77,09:55:36,$ 3253.76,100
78,09:55:34,$ 3253.5482,100
79,09:55:32,$ 3251.73,100
80,09:55:28,$ 3252.23,100
81,09:55:28,$ 3252.23,100
82,09:55:02,$ 3252.28,100
83,09:55:00,$ 3253.76,299
85,09:54:39,$ 3253.175,100
86,09:54:38,$ 3253.175,100
87,09:54:38,$ 3253.175,100
88,09:54:36,$ 3254.04,100
89,09:54:34,$ 3253.00,100
90,09:54:26,$ 3252.879,140
91,09:54:26,$ 3253.332,100
92,09:54:25,$ 3254.08,100
93,09:54:25,$ 3254.15,100
94,09:54:20,$ 3253.54,100
95,09:54:20,$ 3253.845,150
96,09:54:20,$ 3253.31,100
97,09:53:57,$ 3252.435,200
98,09:53:49,$ 3252.00,100
99,09:53:49,$ 3252.00,100
100,09:53:47,$ 3251.40,100
101,09:53:27,$ 3253.22,100
102,09:53:27,$ 3253.22,100
103,09:53:05,$ 3251.97,100
104,09:53:02,$ 3252.00,401
106,09:53:01,$ 3252.60,100
107,09:53:01,$ 3253.00,188
108,09:53:01,$ 3253.00,106
109,09:53:00,$ 3253.80,100
110,09:52:59,$ 3253.655,100
111,09:52:59,$ 3253.655,100
112,09:52:59,$ 3253.575,100
113,09:52:59,$ 3253.00,119
114,09:52:59,$ 3252.95,100
115,09:52:59,$ 3252.80,300
116,09:52:39,$ 3253.85,100
117,09:52:34,$ 3254.46,100
118,09:52:34,$ 3254.46,100
119,09:52:34,$ 3253.44,100
120,09:52:34,$ 3253.50,100
121,09:52:34,$ 3253.83,300
122,09:52:34,$ 3253.53,100
123,09:52:34,$ 3254.45,100
124,09:52:34,$ 3254.01,100
125,09:52:30,$ 3255.03,100
127,09:52:30,$ 3255.02,100
128,09:52:27,$ 3255.72,100
129,09:52:25,$ 3256.9999,100
130,09:52:14,$ 3257.7333,100
131,09:52:12,$ 3256.475,100
132,09:52:08,$ 3255.72,100
133,09:52:05,$ 3256.26,100
134,09:52:02,$ 3255.65,100
135,09:51:53,$ 3257.63,100
136,09:51:49,$ 3258.00,100
137,09:51:49,$ 3258.03,100
138,09:51:47,$ 3258.0977,100
139,09:51:43,$ 3257.6954,500
140,09:51:42,$ 3256.2401,200
141,09:51:30,$ 3257.00,100
142,09:51:20,$ 3256.325,100
143,09:51:14,$ 3257.16,100
144,09:51:11,$ 3257.67,100
145,09:51:09,$ 3257.11,100
146,09:51:08,$ 3257.83,100
148,09:51:00,$ 3257.67,100
149,09:51:00,$ 3257.00,100
150,09:50:58,$ 3256.88,100
151,09:50:53,$ 3254.58,100
152,09:50:48,$ 3254.00,100
153,09:50:42,$ 3254.56,100
154,09:50:37,$ 3253.84,150
155,09:50:33,$ 3253.8952,150
156,09:50:27,$ 3255.00,294
157,09:50:16,$ 3252.70,100
158,09:50:09,$ 3252.62,100
159,09:50:02,$ 3254.8999,500
160,09:50:00,$ 3249.68,204
161,09:50:00,$ 3251.94,100
162,09:49:59,$ 3251.92,100
163,09:49:57,$ 3251.26,100
164,09:49:54,$ 3251.93,100
165,09:49:54,$ 3251.69,100
166,09:49:54,$ 3251.79,100
167,09:49:54,$ 3251.76,100
169,09:49:19,$ 3252.56,100
170,09:49:19,$ 3252.60,100
171,09:49:17,$ 3252.67,100
172,09:49:15,$ 3252.645,100
173,09:49:15,$ 3252.645,100
174,09:49:14,$ 3250.75,100
175,09:49:13,$ 3250.00,100
176,09:49:13,$ 3250.00,200
177,09:49:13,$ 3250.00,100
178,09:49:11,$ 3249.56,300
179,09:49:05,$ 3250.06,100
180,09:49:04,$ 3251.27,100
181,09:49:04,$ 3250.6515,537
182,09:49:04,$ 3250.79,100
183,09:49:04,$ 3250.99,100
184,09:49:04,$ 3250.9243,100
185,09:49:04,$ 3250.75,100
186,09:49:04,$ 3250.78,100
187,09:49:04,$ 3251.19,100
188,09:49:03,$ 3251.26,100
190,09:49:03,$ 3251.52,100
191,09:49:01,$ 3253.25,100
192,09:48:55,$ 3254.47,100
193,09:48:55,$ 3254.72,100
194,09:48:51,$ 3255.18,100
195,09:48:51,$ 3255.18,100
196,09:48:51,$ 3255.17,100
197,09:48:51,$ 3254.89,100
198,09:48:50,$ 3255.214,100
199,09:48:50,$ 3255.198,100
200,09:48:50,$ 3255.18,100
201,09:48:45,$ 3257.83,100
202,09:48:45,$ 3255.92,100
203,09:48:40,$ 3255.49,100
204,09:48:31,$ 3254.793,100
205,09:48:30,$ 3255.7999,100
206,09:48:25,$ 3255.57,100
207,09:48:18,$ 3255.00,168
208,09:48:16,$ 3254.78,100
209,09:48:07,$ 3254.83,100
211,09:48:07,$ 3255.64,100
212,09:48:07,$ 3255.66,100
213,09:48:02,$ 3257.29,100
214,09:48:02,$ 3257.29,100
215,09:48:01,$ 3256.9894,147
216,09:48:01,$ 3256.9894,603
217,09:48:01,$ 3256.00,141
218,09:47:58,$ 3256.44,100
219,09:47:55,$ 3255.93,100
220,09:47:52,$ 3255.0075,200
221,09:47:45,$ 3255.58,100
222,09:47:41,$ 3255.52,100
223,09:47:41,$ 3255.24,100
224,09:47:41,$ 3255.09,100
225,09:47:41,$ 3255.02,100
226,09:47:40,$ 3256.16,100
227,09:47:26,$ 3255.175,100
228,09:47:22,$ 3254.52,100
229,09:47:13,$ 3253.51,100
230,09:47:12,$ 3254.365,100
232,09:47:10,$ 3254.01,100
233,09:46:59,$ 3254.00,100
234,09:46:47,$ 3252.80,164
235,09:46:47,$ 3252.80,100
236,09:46:47,$ 3252.80,100
237,09:46:38,$ 3252.51,100
238,09:46:37,$ 3250.0101,100
239,09:46:33,$ 3250.67,100
240,09:46:33,$ 3250.10,100
241,09:46:33,$ 3250.02,100
242,09:46:33,$ 3250.02,104
243,09:46:32,$ 3250.87,200
244,09:46:28,$ 3251.18,100
245,09:46:28,$ 3251.725,250
246,09:46:27,$ 3252.055,100
247,09:46:23,$ 3252.21,100
248,09:46:17,$ 3252.905,100
249,09:46:13,$ 3252.20,100
250,09:46:12,$ 3252.485,100
251,09:46:12,$ 3252.485,100
253,09:46:12,$ 3252.485,100
254,09:46:12,$ 3252.25,100
255,09:46:12,$ 3252.20,100
256,09:46:12,$ 3252.08,100
257,09:46:12,$ 3252.06,100
258,09:46:12,$ 3252.03,243
259,09:46:08,$ 3253.21,250
260,09:46:08,$ 3252.75,150
261,09:46:07,$ 3252.745,100
262,09:46:05,$ 3252.8695,100
263,09:46:04,$ 3252.655,100
264,09:46:02,$ 3252.64,100
265,09:45:59,$ 3252.40,100
266,09:45:58,$ 3251.755,173
267,09:45:58,$ 3251.53,100
268,09:45:58,$ 3251.33,100
269,09:45:56,$ 3252.9499,100
270,09:45:56,$ 3252.52,100
271,09:45:55,$ 3252.50,100
272,09:45:55,$ 3252.50,100
274,09:45:31,$ 3252.95,100
275,09:45:28,$ 3251.95,100
276,09:45:28,$ 3251.96,100
277,09:45:28,$ 3252.77,100
278,09:45:28,$ 3252.1556,100
279,09:45:24,$ 3251.905,100
280,09:45:24,$ 3251.905,100
281,09:45:22,$ 3252.54,100
282,09:45:16,$ 3252.73,100
283,09:45:16,$ 3252.73,100
284,09:45:01,$ 3251.00,100
285,09:45:01,$ 3250.87,100
286,09:45:01,$ 3250.87,100
287,09:45:01,$ 3250.04,100
288,09:45:00,$ 3248.35,100
289,09:45:00,$ 3248.045,148
290,09:45:00,$ 3248.61,151
291,09:44:58,$ 3248.02,100
292,09:44:57,$ 3248.955,100
293,09:44:38,$ 3249.77,100
295,09:44:37,$ 3248.0654,100
296,09:44:37,$ 3248.70,400
297,09:44:37,$ 3249.62,105
298,09:44:36,$ 3249.9363,123
299,09:44:35,$ 3249.39,100
300,09:44:35,$ 3249.62,100
301,09:44:35,$ 3250.76,195
302,09:44:35,$ 3249.58,100
303,09:44:35,$ 3249.54,100
304,09:44:35,$ 3249.59,100
305,09:44:35,$ 3249.18,100
306,09:44:35,$ 3249.04,100
307,09:44:35,$ 3249.05,100
308,09:44:35,$ 3249.34,100
309,09:44:35,$ 3249.33,100
310,09:44:35,$ 3249.33,100
311,09:44:30,$ 3250.48,100
312,09:44:27,$ 3251.36,100
313,09:44:27,$ 3250.49,200
314,09:44:26,$ 3251.92,106
316,09:44:26,$ 3251.92,183
317,09:44:26,$ 3251.5399,100
318,09:44:26,$ 3251.5399,100
319,09:44:26,$ 3251.5399,100
320,09:44:26,$ 3251.54,116
321,09:44:26,$ 3251.54,100
322,09:44:26,$ 3251.54,100
323,09:44:26,$ 3251.5399,116
324,09:44:26,$ 3251.36,100
325,09:44:25,$ 3250.83,"1,000"
326,09:44:05,$ 3251.3925,100
327,09:44:04,$ 3252.51,100
328,09:44:04,$ 3252.51,100
329,09:44:03,$ 3251.6756,750
330,09:44:02,$ 3252.97,100
331,09:43:59,$ 3253.6358,793
332,09:43:59,$ 3252.49,100
333,09:43:59,$ 3252.49,100
334,09:43:59,$ 3252.07,100
335,09:43:59,$ 3252.00,100
337,09:43:57,$ 3251.79,100
338,09:43:53,$ 3250.395,100
339,09:43:52,$ 3250.84,100
340,09:43:46,$ 3251.7273,100
341,09:43:43,$ 3252.32,100
342,09:43:42,$ 3253.57,100
343,09:43:41,$ 3252.6839,100
344,09:43:27,$ 3254.02,100
345,09:43:24,$ 3252.99,100
346,09:43:16,$ 3254.91,100
347,09:43:12,$ 3254.94,100
348,09:43:11,$ 3254.15,100
349,09:43:10,$ 3255.74,100
350,09:43:09,$ 3254.64,100
351,09:43:09,$ 3254.64,100
352,09:43:08,$ 3254.54,100
353,09:43:01,$ 3253.68,100
354,09:42:54,$ 3254.73,100
355,09:42:54,$ 3254.50,100
356,09:42:53,$ 3255.56,100
358,09:42:52,$ 3254.8933,101
359,09:42:47,$ 3255.515,100
360,09:42:40,$ 3255.31,100
361,09:42:37,$ 3255.07,100
362,09:42:26,$ 3255.2447,200
363,09:42:24,$ 3255.36,100
364,09:42:24,$ 3255.00,155
365,09:42:24,$ 3255.00,681
366,09:42:22,$ 3256.6615,100
367,09:42:21,$ 3255.2951,500
368,09:42:20,$ 3256.05,100
369,09:42:17,$ 3255.70,100
370,09:42:16,$ 3256.99,300
371,09:42:13,$ 3254.58,200
372,09:42:13,$ 3256.14,100
373,09:42:11,$ 3254.99,100
374,09:42:08,$ 3254.28,500
375,09:42:05,$ 3255.18,100
376,09:42:03,$ 3254.215,100
377,09:42:03,$ 3254.7696,200
379,09:42:02,$ 3254.20,100
380,09:42:01,$ 3253.21,120
381,09:42:00,$ 3252.98,100
382,09:41:55,$ 3252.49,100
383,09:41:54,$ 3252.77,100
384,09:41:54,$ 3252.45,100
385,09:41:54,$ 3252.38,100
386,09:41:50,$ 3252.95,100
387,09:41:49,$ 3253.905,100
388,09:41:48,$ 3253.53,100
389,09:41:46,$ 3254.02,100
390,09:41:46,$ 3253.96,100
391,09:41:43,$ 3255.905,100
392,09:41:37,$ 3255.91,100
393,09:41:37,$ 3254.91,100
394,09:41:37,$ 3255.00,200
395,09:41:37,$ 3255.00,200
396,09:41:37,$ 3255.00,200
397,09:41:37,$ 3255.00,200
398,09:41:37,$ 3255.00,100
400,09:41:37,$ 3255.00,791
401,09:41:37,$ 3255.00,105
402,09:41:33,$ 3253.8449,"1,000"
403,09:41:31,$ 3253.47,100
404,09:41:30,$ 3253.00,306
405,09:41:30,$ 3253.00,100
406,09:41:30,$ 3253.00,174
407,09:41:27,$ 3252.00,100
408,09:41:27,$ 3252.00,100
409,09:41:27,$ 3251.88,100
410,09:41:20,$ 3251.64,100
411,09:41:17,$ 3250.00,314
412,09:41:17,$ 3250.00,530
413,09:41:17,$ 3250.14,100
414,09:41:06,$ 3251.62,100
415,09:41:04,$ 3251.485,100
416,09:41:04,$ 3251.625,100
417,09:41:01,$ 3251.20,100
418,09:40:53,$ 3251.02,100
419,09:40:53,$ 3250.97,100
421,09:40:36,$ 3250.00,100
422,09:40:36,$ 3250.00,100
423,09:40:36,$ 3250.00,100
424,09:40:34,$ 3249.86,100
425,09:40:31,$ 3249.425,100
426,09:40:27,$ 3250.92,100
427,09:40:27,$ 3250.42,100
428,09:40:27,$ 3250.92,100
429,09:40:26,$ 3251.77,100
430,09:40:26,$ 3252.6386,906
431,09:40:26,$ 3252.01,100
432,09:40:25,$ 3253.5092,200
433,09:40:24,$ 3253.74,300
434,09:40:19,$ 3252.2573,350
435,09:40:17,$ 3252.60,100
436,09:40:16,$ 3252.56,100
437,09:40:14,$ 3252.9612,307
438,09:40:14,$ 3253.11,100
439,09:40:14,$ 3253.61,100
440,09:40:14,$ 3253.7399,"1,000"
442,09:40:13,$ 3253.38,100
443,09:40:13,$ 3253.715,100
444,09:40:13,$ 3253.57,100
445,09:40:13,$ 3252.00,100
446,09:40:13,$ 3251.00,173
447,09:40:13,$ 3251.00,141
448,09:40:13,$ 3251.00,115
449,09:40:13,$ 3250.16,"1,000"
450,09:40:13,$ 3250.78,100
451,09:40:13,$ 3250.765,100
452,09:40:13,$ 3250.2018,232
453,09:40:13,$ 3250.39,100
454,09:40:13,$ 3249.89,100
455,09:40:13,$ 3249.90,100
456,09:40:13,$ 3249.66,100
457,09:40:13,$ 3249.85,100
458,09:40:13,$ 3249.90,100
459,09:40:13,$ 3250.40,100
460,09:40:13,$ 3250.35,100
461,09:40:13,$ 3250.16,100
463,09:40:13,$ 3250.40,100
464,09:40:08,$ 3249.90,100
465,09:40:08,$ 3249.89,100
466,09:40:06,$ 3250.0334,929
467,09:40:05,$ 3249.35,100
468,09:40:05,$ 3250.17,100
469,09:40:05,$ 3250.00,100
470,09:40:05,$ 3250.00,900
471,09:40:05,$ 3250.17,100
472,09:40:05,$ 3249.58,100
473,09:40:05,$ 3250.00,800
474,09:40:04,$ 3249.12,100
475,09:40:04,$ 3248.77,100
476,09:40:04,$ 3248.33,100
477,09:40:03,$ 3247.61,100
478,09:40:01,$ 3247.125,100
479,09:40:01,$ 3247.94,278
480,09:40:01,$ 3246.62,100
481,09:40:01,$ 3247.12,100
482,09:40:00,$ 3247.745,"1,000"
484,09:40:00,$ 3246.97,100
485,09:40:00,$ 3246.95,148
486,09:40:00,$ 3246.95,151
487,09:39:55,$ 3246.94,100
488,09:39:50,$ 3245.768,100
489,09:39:50,$ 3245.88,100
490,09:39:50,$ 3245.824,100
491,09:39:50,$ 3246.2814,"1,000"
492,09:39:49,$ 3246.8649,120
493,09:39:36,$ 3247.62,147
494,09:39:36,$ 3247.6201,103
495,09:39:34,$ 3248.2832,916
496,09:39:32,$ 3248.9899,"1,000"
497,09:39:29,$ 3247.745,"1,000"
498,09:39:24,$ 3247.55,100
499,09:39:24,$ 3246.65,100
500,09:39:24,$ 3246.72,100
501,09:39:24,$ 3246.65,100
502,09:39:24,$ 3246.81,500
503,09:39:24,$ 3245.42,100
505,09:39:24,$ 3247.615,100
506,09:39:23,$ 3245.1501,"1,000"
507,09:39:19,$ 3246.35,300
508,09:39:16,$ 3246.69,100
509,09:39:16,$ 3245.16,100
510,09:39:16,$ 3245.16,159
511,09:39:16,$ 3246.135,189
512,09:39:12,$ 3246.10,100
513,09:39:09,$ 3246.47,100
514,09:39:09,$ 3246.122,100
515,09:39:08,$ 3246.13,100
516,09:38:58,$ 3247.946,100
517,09:38:52,$ 3247.4875,102
518,09:38:51,$ 3247.26,100
519,09:38:50,$ 3247.25,100
520,09:38:46,$ 3246.225,100
521,09:38:46,$ 3247.16,100
522,09:38:46,$ 3247.08,100
523,09:38:40,$ 3245.47,100
524,09:38:29,$ 3246.99,100
526,09:38:29,$ 3246.89,100
527,09:38:28,$ 3244.01,100
528,09:38:28,$ 3244.01,100
529,09:38:25,$ 3244.11,100
530,09:38:15,$ 3244.005,100
531,09:38:15,$ 3243.69,100
532,09:38:15,$ 3243.60,100
533,09:38:11,$ 3244.87,111
534,09:38:11,$ 3244.87,223
535,09:38:11,$ 3243.05,110
536,09:38:06,$ 3244.79,100
537,09:38:04,$ 3244.73,100
538,09:38:04,$ 3244.96,100
539,09:38:03,$ 3244.949,120
540,09:38:03,$ 3244.85,100
541,09:38:00,$ 3244.56,100
542,09:38:00,$ 3243.37,100
543,09:38:00,$ 3243.62,100
544,09:38:00,$ 3244.64,112
545,09:38:00,$ 3243.32,100
547,09:38:00,$ 3243.3973,200
548,09:38:00,$ 3242.96,100
549,09:37:57,$ 3243.67,100
550,09:37:56,$ 3243.44,100
551,09:37:49,$ 3243.88,150
552,09:37:47,$ 3244.9599,100
553,09:37:36,$ 3243.675,100
554,09:37:31,$ 3243.5727,100
555,09:37:30,$ 3244.41,100
556,09:37:26,$ 3245.15,"1,000"
557,09:37:25,$ 3245.18,100
558,09:37:25,$ 3245.18,100
559,09:37:25,$ 3244.83,100
560,09:37:25,$ 3246.52,168
561,09:37:25,$ 3244.59,100
562,09:37:25,$ 3244.79,100
563,09:37:25,$ 3244.68,100
564,09:37:25,$ 3244.18,100
565,09:37:25,$ 3244.66,100
566,09:37:25,$ 3244.16,100
568,09:37:25,$ 3244.75,100
569,09:37:25,$ 3244.29,100
570,09:37:25,$ 3244.09,100
571,09:37:24,$ 3246.52,960
572,09:37:19,$ 3244.895,100
573,09:37:19,$ 3244.895,100
574,09:37:18,$ 3244.895,100
575,09:37:18,$ 3244.895,100
576,09:37:18,$ 3243.43,100
577,09:37:18,$ 3244.00,100
578,09:37:18,$ 3244.05,100
579,09:37:18,$ 3243.43,100
580,09:37:18,$ 3243.43,100
581,09:37:18,$ 3243.41,100
582,09:37:17,$ 3246.70,100
583,09:37:14,$ 3246.41,100
584,09:37:14,$ 3246.37,100
585,09:37:13,$ 3245.695,"1,000"
586,09:37:11,$ 3245.81,"1,000"
587,09:37:05,$ 3247.00,100
589,09:37:05,$ 3247.00,100
590,09:37:05,$ 3247.00,100
591,09:37:05,$ 3246.0001,200
592,09:37:05,$ 3246.87,100
593,09:37:05,$ 3247.052,100
594,09:37:04,$ 3247.21,100
595,09:37:04,$ 3246.0001,"1,000"
596,09:36:57,$ 3247.55,200
597,09:36:57,$ 3247.55,500
598,09:36:54,$ 3248.57,100
599,09:36:49,$ 3248.95,100
600,09:36:49,$ 3248.93,100
601,09:36:49,$ 3249.30,100
602,09:36:42,$ 3250.30,100
603,09:36:42,$ 3250.00,100
604,09:36:42,$ 3250.00,100
605,09:36:40,$ 3250.10,100
606,09:36:40,$ 3249.98,100
607,09:36:40,$ 3249.99,100
608,09:36:40,$ 3249.99,100
610,09:36:40,$ 3249.98,100
611,09:36:40,$ 3250.00,100
612,09:36:40,$ 3250.00,100
613,09:36:39,$ 3250.00,100
614,09:36:39,$ 3247.55,100
615,09:36:39,$ 3249.62,100
616,09:36:36,$ 3248.9287,307
617,09:36:36,$ 3248.9287,189
618,09:36:36,$ 3249.708,100
619,09:36:36,$ 3249.208,100
620,09:36:36,$ 3248.72,100
621,09:36:36,$ 3249.22,100
622,09:36:35,$ 3249.00,300
623,09:36:35,$ 3248.98,154
624,09:36:35,$ 3247.9999,100
625,09:36:35,$ 3248.00,100
626,09:36:33,$ 3247.99,177
627,09:36:30,$ 3247.05,125
628,09:36:22,$ 3244.135,100
629,09:36:22,$ 3244.205,100
631,09:36:21,$ 3244.895,184
632,09:36:19,$ 3245.745,100
633,09:36:19,$ 3245.74,100
634,09:36:18,$ 3245.50,100
635,09:36:17,$ 3246.9734,"1,000"
636,09:36:17,$ 3247.18,"1,000"
637,09:36:17,$ 3248.00,100
638,09:36:14,$ 3247.50,179
639,09:36:13,$ 3247.375,100
640,09:36:11,$ 3246.81,100
641,09:36:09,$ 3247.00,100
642,09:36:08,$ 3246.23,140
643,09:36:06,$ 3246.44,200
644,09:36:06,$ 3247.49,100
645,09:36:03,$ 3245.505,100
646,09:36:03,$ 3246.82,100
647,09:36:01,$ 3245.89,100
648,09:36:01,$ 3246.00,100
649,09:36:01,$ 3246.00,100
650,09:36:01,$ 3246.00,100
652,09:35:57,$ 3243.915,100
653,09:35:57,$ 3244.87,100
654,09:35:54,$ 3243.37,100
655,09:35:50,$ 3245.481,563
656,09:35:50,$ 3244.96,100
657,09:35:50,$ 3244.96,100
658,09:35:50,$ 3244.34,100
659,09:35:50,$ 3244.34,100
660,09:35:47,$ 3244.56,100
661,09:35:47,$ 3243.98,100
662,09:35:46,$ 3243.0988,"1,000"
663,09:35:44,$ 3242.665,100
664,09:35:44,$ 3242.79,100
665,09:35:39,$ 3243.04,100
666,09:35:39,$ 3242.92,100
667,09:35:39,$ 3242.87,100
668,09:35:36,$ 3242.0857,100
669,09:35:35,$ 3241.79,100
670,09:35:35,$ 3241.79,579
671,09:35:35,$ 3241.79,100
673,09:35:35,$ 3241.79,100
674,09:35:35,$ 3241.79,205
675,09:35:35,$ 3241.39,100
676,09:35:35,$ 3241.79,100
677,09:35:31,$ 3239.68,100
678,09:35:31,$ 3240.42,100
679,09:35:31,$ 3240.40,100
680,09:35:29,$ 3240.98,100
681,09:35:28,$ 3239.97,100
682,09:35:28,$ 3240.23,100
683,09:35:28,$ 3240.00,500
684,09:35:28,$ 3240.01,100
685,09:35:23,$ 3241.51,100
686,09:35:23,$ 3241.49,100
687,09:35:14,$ 3242.79,100
688,09:35:13,$ 3241.32,100
689,09:35:13,$ 3242.00,100
690,09:35:12,$ 3242.68,100
691,09:35:09,$ 3242.40,100
692,09:35:09,$ 3242.475,200
694,09:35:07,$ 3242.67,100
695,09:35:07,$ 3242.49,100
696,09:35:06,$ 3244.97,100
697,09:34:59,$ 3245.99,100
698,09:34:59,$ 3245.26,100
699,09:34:59,$ 3245.42,100
700,09:34:58,$ 3244.505,100
701,09:34:55,$ 3245.425,200
702,09:34:54,$ 3245.795,100
703,09:34:54,$ 3247.68,100
704,09:34:54,$ 3247.00,100
705,09:34:54,$ 3245.98,100
706,09:34:54,$ 3245.98,100
707,09:34:54,$ 3245.95,100
708,09:34:54,$ 3245.805,100
709,09:34:53,$ 3245.0099,112
710,09:34:53,$ 3245.01,112
711,09:34:53,$ 3244.315,100
712,09:34:52,$ 3244.338,100
713,09:34:52,$ 3243.89,100
715,09:34:51,$ 3241.51,100
716,09:34:47,$ 3242.25,100
717,09:34:42,$ 3242.28,100
718,09:34:42,$ 3241.77,100
719,09:34:42,$ 3241.77,100
720,09:34:32,$ 3241.56,100
721,09:34:32,$ 3241.80,100
722,09:34:31,$ 3240.64,200
723,09:34:31,$ 3240.65,200
724,09:34:31,$ 3240.38,100
725,09:34:31,$ 3239.16,100
726,09:34:28,$ 3239.10,100
727,09:34:28,$ 3238.31,100
728,09:34:26,$ 3238.40,100
729,09:34:26,$ 3239.64,100
730,09:34:25,$ 3240.00,101
731,09:34:25,$ 3239.96,100
732,09:34:24,$ 3239.82,100
733,09:34:22,$ 3239.94,100
734,09:34:22,$ 3239.44,100
736,09:34:22,$ 3240.01,100
737,09:34:22,$ 3240.00,300
738,09:34:22,$ 3240.90,100
739,09:34:22,$ 3240.73,100
740,09:34:22,$ 3240.82,100
741,09:34:21,$ 3243.185,100
742,09:34:21,$ 3242.29,100
743,09:34:17,$ 3243.19,100
744,09:34:12,$ 3243.195,100
745,09:34:12,$ 3242.625,100
746,09:34:12,$ 3242.6233,259
747,09:34:12,$ 3242.01,100
748,09:34:12,$ 3242.774,100
749,09:34:12,$ 3243.25,100
750,09:34:12,$ 3243.18,100
751,09:34:10,$ 3244.57,100
752,09:34:01,$ 3244.04,100
753,09:34:01,$ 3244.04,100
754,09:34:01,$ 3244.03,100
755,09:34:01,$ 3243.032,100
757,09:33:58,$ 3244.04,120
758,09:33:58,$ 3242.564,168
759,09:33:58,$ 3242.6423,712
760,09:33:58,$ 3242.29,100
761,09:33:58,$ 3243.045,100
762,09:33:56,$ 3243.72,100
763,09:33:56,$ 3243.2194,100
764,09:33:55,$ 3245.21,100
765,09:33:53,$ 3246.54,200
766,09:33:51,$ 3246.725,100
767,09:33:51,$ 3245.72,100
768,09:33:51,$ 3246.725,100
769,09:33:51,$ 3246.725,100
770,09:33:50,$ 3246.00,100
771,09:33:50,$ 3246.33,100
772,09:33:50,$ 3245.83,100
773,09:33:45,$ 3247.86,100
774,09:33:45,$ 3247.87,500
775,09:33:45,$ 3246.285,100
776,09:33:45,$ 3246.9999,100
778,09:33:45,$ 3246.635,200
779,09:33:45,$ 3246.9999,100
780,09:33:45,$ 3246.9999,100
781,09:33:45,$ 3247.00,100
782,09:33:45,$ 3247.00,100
783,09:33:42,$ 3245.56,100
784,09:33:42,$ 3245.09,100
785,09:33:42,$ 3246.28,"1,000"
786,09:33:40,$ 3246.31,100
787,09:33:40,$ 3247.08,100
788,09:33:37,$ 3246.38,100
789,09:33:37,$ 3246.41,100
790,09:33:37,$ 3247.11,100
791,09:33:35,$ 3245.955,100
792,09:33:34,$ 3247.21,100
793,09:33:31,$ 3246.64,100
794,09:33:31,$ 3247.21,100
795,09:33:31,$ 3247.16,100
796,09:33:30,$ 3245.955,100
797,09:33:28,$ 3247.16,100
799,09:33:25,$ 3245.955,200
800,09:33:22,$ 3247.46,100
801,09:33:22,$ 3246.135,100
802,09:33:17,$ 3246.68,100
803,09:33:14,$ 3247.19,100
804,09:33:13,$ 3246.255,200
805,09:33:12,$ 3246.495,250
806,09:33:11,$ 3247.13,100
807,09:33:08,$ 3246.495,100
808,09:33:08,$ 3246.76,100
809,09:33:05,$ 3245.76,100
810,09:33:04,$ 3245.765,100
811,09:33:01,$ 3245.89,100
812,09:33:01,$ 3244.98,100
813,09:33:00,$ 3243.985,100
814,09:33:00,$ 3244.60,100
815,09:32:59,$ 3244.28,100
816,09:32:55,$ 3244.86,100
817,09:32:54,$ 3244.86,100
818,09:32:53,$ 3246.65,100
820,09:32:52,$ 3244.72,250
821,09:32:49,$ 3244.98,100
822,09:32:45,$ 3245.405,100
823,09:32:44,$ 3244.66,100
824,09:32:40,$ 3243.72,100
825,09:32:40,$ 3243.33,100
826,09:32:40,$ 3243.53,100
827,09:32:40,$ 3243.50,100
828,09:32:40,$ 3243.50,100
829,09:32:40,$ 3243.50,200
830,09:32:40,$ 3244.72,111
831,09:32:36,$ 3245.45,200
832,09:32:35,$ 3245.13,100
833,09:32:28,$ 3244.855,100
834,09:32:26,$ 3246.97,100
835,09:32:25,$ 3243.81,100
836,09:32:22,$ 3246.43,100
837,09:32:20,$ 3245.24,100
838,09:32:18,$ 3244.84,100
839,09:32:16,$ 3243.5475,100
841,09:32:16,$ 3244.86,100
842,09:32:16,$ 3244.86,100
843,09:32:16,$ 3243.70,100
844,09:32:16,$ 3243.83,100
845,09:32:16,$ 3244.62,100
846,09:32:16,$ 3244.86,100
847,09:32:16,$ 3244.77,100
848,09:32:16,$ 3244.67,100
849,09:32:16,$ 3244.18,100
850,09:32:13,$ 3244.895,100
851,09:32:13,$ 3244.90,200
852,09:32:13,$ 3244.895,100
853,09:32:13,$ 3244.90,100
854,09:32:05,$ 3244.86,100
855,09:32:05,$ 3244.815,100
856,09:32:05,$ 3244.86,500
857,09:32:04,$ 3244.56,100
858,09:31:57,$ 3246.80,100
859,09:31:56,$ 3246.645,100
860,09:31:56,$ 3246.645,200
862,09:31:56,$ 3246.645,100
863,09:31:51,$ 3247.40,100
864,09:31:49,$ 3247.7464,100
865,09:31:42,$ 3248.245,100
866,09:31:42,$ 3249.24,100
867,09:31:42,$ 3248.39,100
868,09:31:42,$ 3248.39,100
869,09:31:42,$ 3248.39,100
870,09:31:38,$ 3249.12,102
871,09:31:37,$ 3247.61,100
872,09:31:37,$ 3247.47,100
873,09:31:37,$ 3247.47,100
874,09:31:37,$ 3247.47,100
875,09:31:37,$ 3247.42,100
876,09:31:37,$ 3247.42,100
877,09:31:34,$ 3248.57,100
878,09:31:34,$ 3248.00,100
879,09:31:32,$ 3250.00,152
880,09:31:32,$ 3250.00,197
881,09:31:32,$ 3250.00,232
883,09:31:32,$ 3250.00,300
884,09:31:32,$ 3250.94,100
885,09:31:29,$ 3250.60,200
886,09:31:29,$ 3248.63,100
887,09:31:29,$ 3249.80,100
888,09:31:29,$ 3248.675,100
889,09:31:29,$ 3250.00,250
890,09:31:25,$ 3248.92,100
891,09:31:24,$ 3247.06,100
892,09:31:15,$ 3245.01,100
893,09:31:12,$ 3244.94,100
894,09:31:08,$ 3245.00,100
895,09:31:05,$ 3242.935,100
896,09:31:03,$ 3242.7823,102
897,09:31:01,$ 3242.68,100
898,09:31:01,$ 3241.85,100
899,09:31:00,$ 3243.33,100
900,09:31:00,$ 3243.33,100
901,09:30:57,$ 3243.46,100
902,09:30:54,$ 3244.07,100
904,09:30:54,$ 3244.75,100
905,09:30:53,$ 3245.45,100
906,09:30:53,$ 3245.46,100
907,09:30:53,$ 3246.205,100
908,09:30:53,$ 3245.87,111
909,09:30:46,$ 3243.47,100
910,09:30:44,$ 3243.01,100
911,09:30:35,$ 3243.43,100
912,09:30:34,$ 3244.90,114
913,09:30:32,$ 3243.26,100
914,09:30:26,$ 3245.67,100
915,09:30:26,$ 3245.6699,"2,000"
916,09:30:23,$ 3243.71,102
917,09:30:22,$ 3242.6999,100
918,09:30:22,$ 3242.59,100
919,09:30:22,$ 3242.70,100
920,09:30:22,$ 3242.70,100
921,09:30:19,$ 3240.66,300
922,09:30:19,$ 3240.96,100
923,09:30:19,$ 3240.6638,100
925,09:30:19,$ 3240.6635,100
926,09:30:19,$ 3241.26,100
927,09:30:12,$ 3246.1387,500
928,09:30:10,$ 3245.20,100
929,09:30:06,$ 3247.815,100
930,09:30:04,$ 3246.69,100
931,09:30:03,$ 3246.2239,100
932,09:30:03,$ 3248.79,100
933,09:30:02,$ 3245.29,19
934,09:30:02,$ 3245.29,2
935,09:30:02,$ 3245.29,3
936,09:30:02,$ 3245.29,1
937,09:30:02,$ 3245.29,1
938,09:30:02,$ 3245.29,1
939,09:30:02,$ 3245.29,1
940,09:30:02,$ 3245.29,2
941,09:30:02,$ 3245.29,1
942,09:30:02,$ 3245.29,7
943,09:30:02,$ 3245.29,5
944,09:30:02,$ 3245.29,1
946,09:30:02,$ 3245.29,5
947,09:30:02,$ 3245.29,1
948,09:30:02,$ 3245.29,1
949,09:30:02,$ 3245.29,1
950,09:30:02,$ 3245.29,1
951,09:30:02,$ 3245.29,2
952,09:30:02,$ 3245.29,5
953,09:30:02,$ 3245.29,1
954,09:30:02,$ 3245.29,1
955,09:30:02,$ 3245.29,3
956,09:30:02,$ 3245.29,2
957,09:30:02,$ 3245.29,3
958,09:30:02,$ 3245.29,5
959,09:30:02,$ 3245.29,2
960,09:30:02,$ 3245.29,19
961,09:30:02,$ 3245.29,3
962,09:30:02,$ 3245.29,1
963,09:30:02,$ 3245.29,3
964,09:30:02,$ 3245.29,1
965,09:30:02,$ 3245.29,30
967,09:30:02,$ 3245.29,1
968,09:30:02,$ 3245.29,2
969,09:30:02,$ 3245.29,6
970,09:30:02,$ 3245.29,2
971,09:30:02,$ 3245.29,3
972,09:30:02,$ 3245.29,1
973,09:30:02,$ 3245.29,10
974,09:30:02,$ 3245.29,1
975,09:30:02,$ 3245.29,1
976,09:30:02,$ 3245.29,3
977,09:30:02,$ 3245.29,1
978,09:30:02,$ 3245.29,1
979,09:30:02,$ 3245.29,1
980,09:30:02,$ 3245.29,1
981,09:30:02,$ 3245.29,1
982,09:30:02,$ 3245.29,1
983,09:30:02,$ 3245.29,4
984,09:30:02,$ 3245.29,5
985,09:30:02,$ 3245.29,2
986,09:30:02,$ 3245.29,5
988,09:30:02,$ 3245.29,2
989,09:30:02,$ 3245.29,2
990,09:30:02,$ 3245.29,1
991,09:30:02,$ 3245.29,1
992,09:30:02,$ 3245.29,4
993,09:30:02,$ 3245.29,1
994,09:30:02,$ 3245.29,1
995,09:30:02,$ 3245.29,1
996,09:30:02,$ 3245.29,5
997,09:30:02,$ 3245.29,1
998,09:30:02,$ 3245.29,2
999,09:30:02,$ 3245.29,2
1000,09:30:02,$ 3245.29,1
1001,09:30:02,$ 3245.29,1
1002,09:30:02,$ 3245.29,3
1003,09:30:02,$ 3245.29,1
1004,09:30:02,$ 3245.29,72
1005,09:30:02,$ 3245.29,15
1006,09:30:02,$ 3245.29,26
1007,09:30:02,$ 3245.29,26
1009,09:30:02,$ 3245.29,3
1010,09:30:02,$ 3245.29,200
1011,09:30:02,$ 3245.29,518
1012,09:30:02,$ 3245.29,7
1013,09:30:02,$ 3245.29,3
1014,09:30:02,$ 3245.29,7
1015,09:30:02,$ 3245.29,3
1016,09:30:02,$ 3245.29,7
1017,09:30:02,$ 3245.29,30
1018,09:30:02,$ 3245.29,18
1019,09:30:02,$ 3245.29,3
1020,09:30:02,$ 3245.29,2
1021,09:30:02,$ 3245.29,45
1022,09:30:02,$ 3245.29,9
1023,09:30:02,$ 3245.29,1
1024,09:30:02,$ 3245.29,3
1025,09:30:02,$ 3245.29,2
1026,09:30:02,$ 3245.29,30
1027,09:30:02,$ 3245.29,20
1028,09:30:02,$ 3245.29,5
1030,09:30:02,$ 3245.29,40
1031,09:30:02,$ 3245.29,1
1032,09:30:02,$ 3245.29,1
1033,09:30:02,$ 3245.29,2
1034,09:30:02,$ 3245.29,1
1035,09:30:02,$ 3245.29,1
1036,09:30:02,$ 3245.29,1
1037,09:30:02,$ 3245.29,1
1038,09:30:02,$ 3245.29,3
1039,09:30:02,$ 3245.29,1
1040,09:30:02,$ 3245.29,10
1041,09:30:02,$ 3245.29,3
1042,09:30:02,$ 3245.29,1
1043,09:30:02,$ 3245.29,1
1044,09:30:02,$ 3245.29,1
1045,09:30:02,$ 3245.29,1
1046,09:30:02,$ 3245.29,3
1047,09:30:02,$ 3245.29,1
1048,09:30:02,$ 3245.29,2
1049,09:30:02,$ 3245.29,1
1051,09:30:02,$ 3245.29,3
1052,09:30:02,$ 3245.29,2
1053,09:30:02,$ 3245.29,5
1054,09:30:02,$ 3245.29,4
1055,09:30:02,$ 3245.29,10
1056,09:30:02,$ 3245.29,31
1057,09:30:02,$ 3245.29,4
1058,09:30:02,$ 3245.29,440
1059,09:30:02,$ 3245.29,1
1060,09:30:02,$ 3245.29,2
1061,09:30:02,$ 3245.29,1
1062,09:30:02,$ 3245.29,1
1063,09:30:02,$ 3245.29,1
1064,09:30:02,$ 3245.29,3
1065,09:30:02,$ 3245.29,26
1066,09:30:02,$ 3245.29,3
1067,09:30:02,$ 3245.29,1
1068,09:30:02,$ 3245.29,16
1069,09:30:02,$ 3245.29,1
1070,09:30:02,$ 3245.29,2
1072,09:30:02,$ 3245.29,1
1073,09:30:02,$ 3245.29,4
1074,09:30:02,$ 3245.29,8
1075,09:30:02,$ 3245.29,8
1076,09:30:02,$ 3245.29,8
1077,09:30:02,$ 3245.29,1
1078,09:30:02,$ 3245.29,1
1079,09:30:02,$ 3245.29,2
1080,09:30:02,$ 3245.29,10
1081,09:30:02,$ 3245.29,2
1082,09:30:02,$ 3245.29,1
1083,09:30:02,$ 3245.29,1
1084,09:30:02,$ 3245.29,1
1085,09:30:02,$ 3245.29,3
1086,09:30:02,$ 3245.29,1
1087,09:30:02,$ 3245.29,3
1088,09:30:02,$ 3245.29,1
1089,09:30:02,$ 3245.29,3
1090,09:30:02,$ 3245.29,2
1091,09:30:02,$ 3245.29,2
1093,09:30:02,$ 3245.29,2
1094,09:30:02,$ 3245.29,1
1095,09:30:02,$ 3245.29,10
1096,09:30:02,$ 3245.29,1
1097,09:30:02,$ 3245.29,1
1098,09:30:02,$ 3245.29,1
1099,09:30:02,$ 3245.29,1
1100,09:30:02,$ 3245.29,1
1101,09:30:02,$ 3245.29,31
1102,09:30:02,$ 3245.29,5
1103,09:30:02,$ 3245.29,1
1104,09:30:02,$ 3245.29,4
1105,09:30:02,$ 3245.29,3
1106,09:30:02,$ 3245.29,1
1107,09:30:02,$ 3245.29,1
1108,09:30:02,$ 3245.29,1
1109,09:30:02,$ 3245.29,1
1110,09:30:02,$ 3245.29,15
1111,09:30:02,$ 3245.29,2
1112,09:30:02,$ 3245.29,4
1114,09:30:02,$ 3245.29,4
1115,09:30:02,$ 3245.29,20
1116,09:30:02,$ 3245.29,14
1117,09:30:02,$ 3245.29,20
1118,09:30:02,$ 3245.29,8
1119,09:30:02,$ 3245.29,3
1120,09:30:02,$ 3245.29,2
1121,09:30:02,$ 3245.29,1
1122,09:30:02,$ 3245.29,66
1123,09:30:02,$ 3245.29,3
1124,09:30:02,$ 3245.29,4
1125,09:30:02,$ 3245.29,10
1126,09:30:02,$ 3245.29,200
1127,09:30:02,$ 3245.29,155
1128,09:30:02,$ 3245.29,5
1129,09:30:02,$ 3245.29,2
1130,09:30:02,$ 3245.29,38
1131,09:30:02,$ 3245.29,10
1132,09:30:02,$ 3245.29,2
1133,09:30:02,$ 3245.29,3
1135,09:30:02,$ 3245.29,2
1136,09:30:02,$ 3245.29,3
1137,09:30:02,$ 3245.29,9
1138,09:30:02,$ 3245.29,15
1139,09:30:02,$ 3245.29,6
1140,09:30:02,$ 3245.29,2
1141,09:30:02,$ 3245.29,3
1142,09:30:02,$ 3245.29,3
1143,09:30:02,$ 3245.29,5
1144,09:30:02,$ 3245.29,2
1145,09:30:02,$ 3245.29,2
1146,09:30:02,$ 3245.29,4
1147,09:30:02,$ 3245.29,160
1148,09:30:02,$ 3245.29,2
1149,09:30:02,$ 3245.29,2
1150,09:30:02,$ 3245.29,119
1151,09:30:02,$ 3245.29,1
1152,09:30:02,$ 3245.29,1
1153,09:30:02,$ 3245.29,2
1154,09:30:02,$ 3245.29,2
1156,09:30:02,$ 3245.29,1
1157,09:30:02,$ 3245.29,3
1158,09:30:02,$ 3245.29,2
1159,09:30:02,$ 3245.29,2
1160,09:30:02,$ 3245.29,3
1161,09:30:02,$ 3245.29,2
1162,09:30:02,$ 3245.29,30
1163,09:30:02,$ 3245.29,12
1164,09:30:02,$ 3245.29,87
1165,09:30:02,$ 3245.29,15
1166,09:30:02,$ 3245.29,1
1167,09:30:02,$ 3245.29,1
1168,09:30:02,$ 3245.29,15
1169,09:30:02,$ 3245.29,1
1170,09:30:02,$ 3245.29,7
1171,09:30:02,$ 3245.29,22
1172,09:30:02,$ 3245.29,6
1173,09:30:02,$ 3245.29,2
1174,09:30:02,$ 3245.29,4
1175,09:30:02,$ 3245.29,1
1177,09:30:02,$ 3245.29,1
1178,09:30:02,$ 3245.29,27
1179,09:30:02,$ 3245.29,146
1180,09:30:02,$ 3245.29,2
1181,09:30:02,$ 3245.29,1
1182,09:30:02,$ 3245.29,1
1183,09:30:02,$ 3245.29,114
1184,09:30:02,$ 3245.29,1
1185,09:30:02,$ 3245.29,31
1186,09:30:02,$ 3245.29,2
1187,09:30:02,$ 3245.29,1
1188,09:30:02,$ 3245.29,1
1189,09:30:02,$ 3245.29,8
1190,09:30:02,$ 3245.29,2
1191,09:30:02,$ 3245.29,1
1192,09:30:02,$ 3245.29,1
1193,09:30:02,$ 3245.29,19
1194,09:30:02,$ 3245.29,19
1195,09:30:02,$ 3245.29,1
1196,09:30:02,$ 3245.29,2
1198,09:30:02,$ 3245.29,3
1199,09:30:02,$ 3245.29,2
1200,09:30:02,$ 3245.29,12
1201,09:30:02,$ 3245.29,16
1202,09:30:02,$ 3245.29,6
1203,09:30:02,$ 3245.29,9
1204,09:30:02,$ 3245.29,1
1205,09:30:02,$ 3245.29,1
1206,09:30:02,$ 3245.29,4
1207,09:30:02,$ 3245.29,44
1208,09:30:02,$ 3245.29,2
1209,09:30:02,$ 3245.29,1
1210,09:30:02,$ 3245.29,1
1211,09:30:02,$ 3245.29,6
1212,09:30:02,$ 3245.29,1
1213,09:30:02,$ 3245.29,2
1214,09:30:02,$ 3245.29,10
1215,09:30:02,$ 3245.29,5
1216,09:30:02,$ 3245.29,205
1217,09:30:02,$ 3245.29,5
1219,09:30:02,$ 3245.29,2
1220,09:30:02,$ 3245.29,1
1221,09:30:02,$ 3245.29,1
1222,09:30:02,$ 3245.29,3
1223,09:30:02,$ 3245.29,1
1224,09:30:02,$ 3245.29,1
1225,09:30:02,$ 3245.29,1
1226,09:30:02,$ 3245.29,2
1227,09:30:02,$ 3245.29,1
1228,09:30:02,$ 3245.29,940
1229,09:30:02,$ 3245.29,"1,000"
1230,09:30:02,$ 3245.29,2
1231,09:30:02,$ 3245.29,1
1232,09:30:02,$ 3245.29,1
1233,09:30:02,$ 3245.29,15
1234,09:30:02,$ 3245.29,831
1235,09:30:02,$ 3245.29,7
1236,09:30:02,$ 3245.29,10
1237,09:30:02,$ 3245.29,2
1238,09:30:02,$ 3245.29,1
1240,09:30:02,$ 3245.29,1
1241,09:30:02,$ 3245.29,1
1242,09:30:02,$ 3245.29,1
1243,09:30:02,$ 3245.29,1
1244,09:30:02,$ 3245.29,2
1245,09:30:02,$ 3245.29,2
1246,09:30:02,$ 3245.29,2
1247,09:30:02,$ 3245.29,1
1248,09:30:02,$ 3245.29,1
1249,09:30:02,$ 3245.29,1
1250,09:30:02,$ 3245.29,1
1251,09:30:02,$ 3245.29,1
1252,09:30:02,$ 3245.29,1
1253,09:30:02,$ 3245.29,3
1254,09:30:02,$ 3245.29,1
1255,09:30:02,$ 3245.29,1
1256,09:30:02,$ 3245.29,1
1257,09:30:02,$ 3245.29,1
1258,09:30:02,$ 3245.29,1
1259,09:30:02,$ 3245.29,1
1261,09:30:02,$ 3245.29,1
1262,09:30:02,$ 3245.29,97
1263,09:30:02,$ 3245.29,2
1264,09:30:02,$ 3245.29,3
1265,09:30:02,$ 3245.29,10
1266,09:30:02,$ 3245.29,1
1267,09:30:02,$ 3245.29,1
1268,09:30:02,$ 3245.29,1
1269,09:30:02,$ 3245.29,1
1270,09:30:02,$ 3245.29,1
1271,09:30:02,$ 3245.29,1
1272,09:30:02,$ 3245.29,2
1273,09:30:02,$ 3245.29,7
1274,09:30:02,$ 3245.29,161
1275,09:30:02,$ 3245.29,1
1276,09:30:02,$ 3245.29,1
1277,09:30:02,$ 3245.29,1
1278,09:30:02,$ 3245.29,2
1279,09:30:02,$ 3245.29,349
1280,09:30:02,$ 3245.29,20
1282,09:30:02,$ 3245.29,1
1283,09:30:02,$ 3245.29,1
1284,09:30:02,$ 3245.29,4
1285,09:30:02,$ 3245.29,1
1286,09:30:02,$ 3245.29,1
1287,09:30:02,$ 3245.29,1
1288,09:30:02,$ 3245.29,3
1289,09:30:02,$ 3245.29,2
1290,09:30:02,$ 3245.29,2
1291,09:30:02,$ 3245.29,3
1292,09:30:02,$ 3245.29,15
1293,09:30:02,$ 3245.29,1
1294,09:30:02,$ 3245.29,1
1295,09:30:02,$ 3245.29,1
1296,09:30:02,$ 3245.29,3
1297,09:30:02,$ 3245.29,1
1298,09:30:02,$ 3245.29,1
1299,09:30:02,$ 3245.29,2
1300,09:30:02,$ 3245.29,3
1301,09:30:02,$ 3245.29,1
1303,09:30:02,$ 3245.29,1
1304,09:30:02,$ 3245.29,5
1305,09:30:02,$ 3245.29,5
1306,09:30:02,$ 3245.29,15
1307,09:30:02,$ 3245.29,48
1308,09:30:02,$ 3245.29,2
1309,09:30:02,$ 3245.29,15
1310,09:30:02,$ 3245.29,20
1311,09:30:02,$ 3245.29,7
1312,09:30:02,$ 3245.29,8
1313,09:30:02,$ 3245.29,2
1314,09:30:02,$ 3245.29,8
1315,09:30:02,$ 3245.29,11
1316,09:30:02,$ 3245.29,7
1317,09:30:02,$ 3245.29,10
1318,09:30:02,$ 3245.29,7
1319,09:30:02,$ 3245.29,400
1320,09:30:02,$ 3245.29,14
1321,09:30:02,$ 3245.29,13
1322,09:30:02,$ 3245.29,100
1324,09:30:02,$ 3245.29,10
1325,09:30:02,$ 3245.29,"1,167"
1326,09:30:02,$ 3245.29,1
1327,09:30:02,$ 3245.29,10
1328,09:30:02,$ 3245.29,"1,010"
1329,09:30:02,$ 3245.29,100
1330,09:30:02,$ 3245.29,394
1331,09:30:02,$ 3245.29,100
1332,09:30:02,$ 3245.29,3
1333,09:30:02,$ 3245.29,8
1334,09:30:02,$ 3245.29,4
1335,09:30:02,$ 3245.29,9
1336,09:30:02,$ 3245.29,6
1337,09:30:02,$ 3245.29,4
1338,09:30:02,$ 3245.29,2
1339,09:30:02,$ 3245.29,1
1340,09:30:02,$ 3245.29,"3,600"
1341,09:30:02,$ 3245.29,1
1342,09:30:02,$ 3245.29,2
1343,09:30:02,$ 3245.29,1
1345,09:30:02,$ 3245.29,3
1346,09:30:02,$ 3245.29,1
1347,09:30:02,$ 3245.29,13
1348,09:30:02,$ 3245.29,2
1349,09:30:02,$ 3245.29,198
1350,09:30:02,$ 3245.29,4
1351,09:30:02,$ 3245.29,5
1352,09:30:02,$ 3245.29,1
1353,09:30:02,$ 3245.29,8
1354,09:30:02,$ 3245.29,7
1355,09:30:02,$ 3245.29,15
1356,09:30:02,$ 3245.29,100
1357,09:30:02,$ 3245.29,1
1358,09:30:02,$ 3245.29,20
1359,09:30:02,$ 3245.29,1
1360,09:30:02,$ 3245.29,1
1361,09:30:02,$ 3245.29,1
1362,09:30:02,$ 3245.29,4
1363,09:30:02,$ 3245.29,1
1364,09:30:02,$ 3245.29,15
1366,09:30:02,$ 3245.29,10
1367,09:30:02,$ 3245.29,1
1368,09:30:02,$ 3245.29,15
1369,09:30:02,$ 3245.29,165
1370,09:30:02,$ 3245.29,2
1371,09:30:02,$ 3245.29,10
1372,09:30:02,$ 3245.29,18
1373,09:30:02,$ 3245.29,2
1374,09:30:02,$ 3245.29,10
1375,09:30:02,$ 3245.29,2
1376,09:30:02,$ 3245.29,2
1377,09:30:02,$ 3245.29,2
1378,09:30:02,$ 3245.29,6
1379,09:30:02,$ 3245.29,1
1380,09:30:02,$ 3245.29,2
1381,09:30:02,$ 3245.29,7
1382,09:30:02,$ 3245.29,4
1383,09:30:02,$ 3245.29,34
1384,09:30:02,$ 3245.29,6
1385,09:30:02,$ 3245.29,3
1387,09:30:02,$ 3245.29,9
1388,09:30:02,$ 3245.29,16
1389,09:30:02,$ 3245.29,2
1390,09:30:02,$ 3245.29,1
1391,09:30:02,$ 3245.29,3
1392,09:30:02,$ 3245.29,1
1393,09:30:02,$ 3245.29,9
1394,09:30:02,$ 3245.29,3
1395,09:30:02,$ 3245.29,1
1396,09:30:02,$ 3245.29,2
1397,09:30:02,$ 3245.29,2
1398,09:30:02,$ 3245.29,4
1399,09:30:02,$ 3245.29,2
1400,09:30:02,$ 3245.29,8
1401,09:30:02,$ 3245.29,2
1402,09:30:02,$ 3245.29,10
1403,09:30:02,$ 3245.29,5
1404,09:30:02,$ 3245.29,8
1405,09:30:02,$ 3245.29,1
1406,09:30:02,$ 3245.29,249
1408,09:30:02,$ 3245.29,1
1409,09:30:02,$ 3245.29,2
1410,09:30:02,$ 3245.29,11
1411,09:30:02,$ 3245.29,2
1412,09:30:02,$ 3245.29,50
1413,09:30:02,$ 3245.29,3
1414,09:30:02,$ 3245.29,1
1415,09:30:02,$ 3245.29,24
1416,09:30:02,$ 3245.29,16
1417,09:30:02,$ 3245.29,15
1418,09:30:02,$ 3245.29,4
1419,09:30:02,$ 3245.29,356
1420,09:30:02,$ 3245.29,70
1421,09:30:02,$ 3245.29,27
1422,09:30:02,$ 3245.29,6
1423,09:30:02,$ 3245.29,1
1424,09:30:02,$ 3245.29,3
1425,09:30:02,$ 3245.29,1
1426,09:30:02,$ 3245.29,1
1427,09:30:02,$ 3245.29,12
1429,09:30:02,$ 3245.29,15
1430,09:30:02,$ 3245.29,100
1431,09:30:02,$ 3245.29,123
1432,09:30:02,$ 3245.29,5
1433,09:30:02,$ 3245.29,4
1434,09:30:02,$ 3245.29,1
1435,09:30:02,$ 3245.29,3
1436,09:30:02,$ 3245.29,1
1437,09:30:02,$ 3245.29,3
1438,09:30:02,$ 3245.29,30
1439,09:30:02,$ 3245.29,700
1440,09:30:02,$ 3245.29,200
1441,09:30:02,$ 3245.29,144
1442,09:30:02,$ 3245.29,1
1443,09:30:02,$ 3245.29,5
1444,09:30:02,$ 3245.29,2
1445,09:30:02,$ 3245.29,2
1446,09:30:02,$ 3245.29,2
1447,09:30:02,$ 3245.29,4
1448,09:30:02,$ 3245.29,3
1450,09:30:02,$ 3245.29,1
1451,09:30:02,$ 3245.29,7
1452,09:30:02,$ 3245.29,1
1453,09:30:02,$ 3245.29,56
1454,09:30:02,$ 3245.29,3
1455,09:30:02,$ 3245.29,10
1456,09:30:02,$ 3245.29,3
1457,09:30:02,$ 3245.29,6
1458,09:30:02,$ 3245.29,1
1459,09:30:02,$ 3245.29,19
1460,09:30:02,$ 3245.29,77
1461,09:30:02,$ 3245.29,825
1462,09:30:02,$ 3245.29,33
1463,09:30:02,$ 3245.29,1
1464,09:30:02,$ 3245.29,4
1465,09:30:02,$ 3245.29,1
1466,09:30:02,$ 3245.29,2
1467,09:30:02,$ 3245.29,2
1468,09:30:02,$ 3245.29,10
1469,09:30:02,$ 3245.29,10
1471,09:30:02,$ 3245.29,5
1472,09:30:02,$ 3245.29,5
1473,09:30:02,$ 3245.29,1
1474,09:30:02,$ 3245.29,5
1475,09:30:02,$ 3245.29,2
1476,09:30:02,$ 3245.29,3
1477,09:30:02,$ 3245.29,1
1478,09:30:02,$ 3245.29,4
1479,09:30:02,$ 3245.29,5
1480,09:30:02,$ 3245.29,20
1481,09:30:02,$ 3245.29,8
1482,09:30:02,$ 3245.29,1
1483,09:30:02,$ 3245.29,2
1484,09:30:02,$ 3245.29,3
1485,09:30:02,$ 3245.29,1
1486,09:30:02,$ 3245.29,146
1487,09:30:02,$ 3245.29,1
1488,09:30:02,$ 3245.29,2
1489,09:30:02,$ 3245.29,2
1490,09:30:02,$ 3245.29,10
1492,09:30:02,$ 3245.29,1
1493,09:30:02,$ 3245.29,9
1494,09:30:02,$ 3245.29,1
1495,09:30:02,$ 3245.29,10
1496,09:30:02,$ 3245.29,1
1497,09:30:02,$ 3245.29,7
1498,09:30:02,$ 3245.29,2
1499,09:30:02,$ 3245.29,15
1500,09:30:02,$ 3245.29,30
1501,09:30:02,$ 3245.29,255
1502,09:30:02,$ 3245.29,2
1503,09:30:02,$ 3245.29,1
1504,09:30:02,$ 3245.29,1
1505,09:30:02,$ 3245.29,1
1506,09:30:02,$ 3245.29,4
1507,09:30:02,$ 3245.29,4
1508,09:30:02,$ 3245.29,6
1509,09:30:02,$ 3245.29,37
1510,09:30:02,$ 3245.29,11
1511,09:30:02,$ 3245.29,15
1513,09:30:02,$ 3245.29,9
1514,09:30:02,$ 3245.29,1
1515,09:30:02,$ 3245.29,1
1516,09:30:02,$ 3245.29,135
1517,09:30:02,$ 3245.29,1
1518,09:30:02,$ 3245.29,1
1519,09:30:02,$ 3245.29,19
1520,09:30:02,$ 3245.29,1
1521,09:30:02,$ 3245.29,2
1522,09:30:02,$ 3245.29,2
1523,09:30:02,$ 3245.29,5
1524,09:30:02,$ 3245.29,5
1525,09:30:02,$ 3245.29,8
1526,09:30:02,$ 3245.29,16
1527,09:30:02,$ 3245.29,1
1528,09:30:02,$ 3245.29,1
1529,09:30:02,$ 3245.29,1
1530,09:30:02,$ 3245.29,8
1531,09:30:02,$ 3245.29,16
1532,09:30:02,$ 3245.29,31
1534,09:30:02,$ 3245.29,75
1535,09:30:02,$ 3245.29,148
1536,09:30:02,$ 3245.29,6
1537,09:30:02,$ 3245.29,6
1538,09:30:02,$ 3245.29,4
1539,09:30:02,$ 3245.29,3
1540,09:30:02,$ 3245.29,73
1541,09:30:02,$ 3245.29,1
1542,09:30:02,$ 3245.29,207
1543,09:30:02,$ 3245.29,1
1544,09:30:02,$ 3245.29,5
1545,09:30:02,$ 3245.29,1
1546,09:30:02,$ 3245.29,20
1547,09:30:02,$ 3245.29,7
1548,09:30:02,$ 3245.29,8
1549,09:30:02,$ 3245.29,2
1550,09:30:02,$ 3245.29,10
1551,09:30:02,$ 3245.29,5
1552,09:30:02,$ 3245.29,4
1553,09:30:02,$ 3245.29,1
1555,09:30:02,$ 3245.29,2
1556,09:30:02,$ 3245.29,8
1557,09:30:02,$ 3245.29,10
1558,09:30:02,$ 3245.29,1
1559,09:30:02,$ 3245.29,10
1560,09:30:02,$ 3245.29,13
1561,09:30:02,$ 3245.29,35
1562,09:30:02,$ 3245.29,5
1563,09:30:02,$ 3245.29,2
1564,09:30:02,$ 3245.29,4
1565,09:30:02,$ 3245.29,59
1566,09:30:02,$ 3245.29,25
1567,09:30:02,$ 3245.29,100
1568,09:30:02,$ 3245.29,1
1569,09:30:02,$ 3245.29,10
1570,09:30:02,$ 3245.29,100
1571,09:30:02,$ 3245.29,45
1572,09:30:02,$ 3245.29,4
1573,09:30:02,$ 3245.29,2
1574,09:30:02,$ 3245.29,145
1576,09:30:02,$ 3245.29,1
1577,09:30:02,$ 3245.29,2
1578,09:30:02,$ 3245.29,24
1579,09:30:02,$ 3245.29,20
1580,09:30:02,$ 3245.29,2
1581,09:30:02,$ 3245.29,305
1582,09:30:02,$ 3245.29,1
1583,09:30:02,$ 3245.29,1
1584,09:30:02,$ 3245.29,200
1585,09:30:02,$ 3245.29,6
1586,09:30:02,$ 3245.29,14
1587,09:30:02,$ 3245.29,20
1588,09:30:02,$ 3245.29,15
1589,09:30:02,$ 3245.29,10
1590,09:30:02,$ 3245.29,3
1591,09:30:02,$ 3245.29,10
1592,09:30:02,$ 3245.29,3
1593,09:30:02,$ 3245.29,1
1594,09:30:02,$ 3245.29,10
1595,09:30:02,$ 3245.29,10
1597,09:30:02,$ 3245.29,10
1598,09:30:02,$ 3245.29,2
1599,09:30:02,$ 3245.29,1
1600,09:30:02,$ 3245.29,1
1601,09:30:02,$ 3245.29,10
1602,09:30:02,$ 3245.29,36
1603,09:30:02,$ 3245.29,2
1604,09:30:02,$ 3245.29,4
1605,09:30:02,$ 3245.29,1
1606,09:30:02,$ 3245.29,2
1607,09:30:02,$ 3245.29,1
1608,09:30:02,$ 3245.29,5
1609,09:30:02,$ 3245.29,1
1610,09:30:02,$ 3245.29,3
1611,09:30:02,$ 3245.29,5
1612,09:30:02,$ 3245.29,4
1613,09:30:02,$ 3245.29,1
1614,09:30:02,$ 3245.29,44
1615,09:30:02,$ 3245.29,5
1616,09:30:02,$ 3245.29,4
1618,09:30:02,$ 3245.29,13
1619,09:30:02,$ 3245.29,1
1620,09:30:02,$ 3245.29,2
1621,09:30:02,$ 3245.29,10
1622,09:30:02,$ 3245.29,1
1623,09:30:02,$ 3245.29,1
1624,09:30:02,$ 3245.29,2
1625,09:30:02,$ 3245.29,5
1626,09:30:02,$ 3245.29,3
1627,09:30:02,$ 3245.29,5
1628,09:30:02,$ 3245.29,2
1629,09:30:02,$ 3245.29,1
1630,09:30:02,$ 3245.29,1
1631,09:30:02,$ 3245.29,15
1632,09:30:02,$ 3245.29,5
1633,09:30:02,$ 3245.29,2
1634,09:30:02,$ 3245.29,30
1635,09:30:02,$ 3245.29,10
1636,09:30:02,$ 3245.29,15
1637,09:30:02,$ 3245.29,1
1639,09:30:02,$ 3245.29,1
1640,09:30:02,$ 3245.29,11
1641,09:30:02,$ 3245.29,1
1642,09:30:02,$ 3245.29,8
1643,09:30:02,$ 3245.29,1
1644,09:30:02,$ 3245.29,1
1645,09:30:02,$ 3245.29,1
1646,09:30:02,$ 3245.29,3
1647,09:30:02,$ 3245.29,1
1648,09:30:02,$ 3245.29,2
1649,09:30:02,$ 3245.29,1
1650,09:30:02,$ 3245.29,1
1651,09:30:02,$ 3245.29,2
1652,09:30:02,$ 3245.29,1
1653,09:30:02,$ 3245.29,10
1654,09:30:02,$ 3245.29,3
1655,09:30:02,$ 3245.29,15
1656,09:30:02,$ 3245.29,30
1657,09:30:02,$ 3245.29,2
1658,09:30:02,$ 3245.29,1
1660,09:30:02,$ 3245.29,1
1661,09:30:02,$ 3245.29,5
1662,09:30:02,$ 3245.29,3
1663,09:30:02,$ 3245.29,6
1664,09:30:02,$ 3245.29,5
1665,09:30:02,$ 3245.29,20
1666,09:30:02,$ 3245.29,25
1667,09:30:02,$ 3245.29,3
1668,09:30:02,$ 3245.29,30
1669,09:30:02,$ 3245.29,33
1670,09:30:02,$ 3245.29,1
1671,09:30:02,$ 3245.29,1
1672,09:30:02,$ 3245.29,4
1673,09:30:02,$ 3245.29,1
1674,09:30:02,$ 3245.29,4
1675,09:30:02,$ 3245.29,18
1676,09:30:02,$ 3245.29,1
1677,09:30:02,$ 3245.29,4
1678,09:30:02,$ 3245.29,2
1679,09:30:02,$ 3245.29,2
1681,09:30:02,$ 3245.29,7
1682,09:30:02,$ 3245.29,1
1683,09:30:02,$ 3245.29,1
1684,09:30:02,$ 3245.29,4
1685,09:30:02,$ 3245.29,1
1686,09:30:02,$ 3245.29,3
1687,09:30:02,$ 3245.29,1
1688,09:30:02,$ 3245.29,30
1689,09:30:02,$ 3245.29,2
1690,09:30:02,$ 3245.29,4
1691,09:30:02,$ 3245.29,16
1692,09:30:02,$ 3245.29,28
1693,09:30:02,$ 3245.29,1
1694,09:30:02,$ 3245.29,4
1695,09:30:02,$ 3245.29,55
1696,09:30:02,$ 3245.29,1
1697,09:30:02,$ 3245.29,2
1698,09:30:02,$ 3245.29,3
1699,09:30:02,$ 3245.29,1
1700,09:30:02,$ 3245.29,1
1702,09:30:02,$ 3245.29,23
1703,09:30:02,$ 3245.29,6
1704,09:30:02,$ 3245.29,5
1705,09:30:02,$ 3245.29,19
1706,09:30:02,$ 3245.29,10
1707,09:30:02,$ 3245.29,8
1708,09:30:02,$ 3245.29,2
1709,09:30:02,$ 3245.29,9
1710,09:30:02,$ 3245.29,32
1711,09:30:02,$ 3245.29,15
1712,09:30:02,$ 3245.29,62
1713,09:30:02,$ 3245.29,1
1714,09:30:02,$ 3245.29,5
1715,09:30:02,$ 3245.29,47
1716,09:30:02,$ 3245.29,1
1717,09:30:02,$ 3245.29,5
1718,09:30:02,$ 3245.29,5
1719,09:30:02,$ 3245.29,7
1720,09:30:02,$ 3245.29,8
1721,09:30:02,$ 3245.29,50
1723,09:30:02,$ 3245.29,2
1724,09:30:02,$ 3245.29,1
1725,09:30:02,$ 3245.29,394
1726,09:30:02,$ 3245.29,1
1727,09:30:02,$ 3245.29,1
1728,09:30:02,$ 3245.29,1
1729,09:30:02,$ 3245.29,1
1730,09:30:02,$ 3245.29,1
1731,09:30:02,$ 3245.29,3
1732,09:30:02,$ 3245.29,1
1733,09:30:02,$ 3245.29,1
1734,09:30:02,$ 3245.29,1
1735,09:30:02,$ 3245.29,1
1736,09:30:02,$ 3245.29,"2,000"
1737,09:30:02,$ 3245.29,2
1738,09:30:02,$ 3245.29,1
1739,09:30:02,$ 3245.29,2
1740,09:30:02,$ 3245.29,2
1741,09:30:02,$ 3245.29,1
1742,09:30:02,$ 3245.29,1
1744,09:30:02,$ 3245.29,4
1745,09:30:02,$ 3245.29,2
1746,09:30:02,$ 3245.29,10
1747,09:30:02,$ 3245.29,1
1748,09:30:02,$ 3245.29,9
1749,09:30:02,$ 3245.29,1
1750,09:30:02,$ 3245.29,3
1751,09:30:02,$ 3245.29,1
1752,09:30:02,$ 3245.29,30
1753,09:30:02,$ 3245.29,2
1754,09:30:02,$ 3245.29,1
1755,09:30:02,$ 3245.29,6
1756,09:30:02,$ 3245.29,5
1757,09:30:02,$ 3245.29,3
1758,09:30:02,$ 3245.29,2
1759,09:30:02,$ 3245.29,1
1760,09:30:02,$ 3245.29,2
1761,09:30:02,$ 3245.29,20
1762,09:30:02,$ 3245.29,4
1763,09:30:02,$ 3245.29,3
1765,09:30:02,$ 3245.29,2
1766,09:30:02,$ 3245.29,9
1767,09:30:02,$ 3245.29,1
1768,09:30:02,$ 3245.29,3
1769,09:30:02,$ 3245.29,2
1770,09:30:02,$ 3245.29,10
1771,09:30:02,$ 3245.29,2
1772,09:30:02,$ 3245.29,1
1773,09:30:02,$ 3245.29,1
1774,09:30:02,$ 3245.29,1
1775,09:30:02,$ 3245.29,4
1776,09:30:02,$ 3245.29,2
1777,09:30:02,$ 3245.29,10
1778,09:30:02,$ 3245.29,2
1779,09:30:02,$ 3245.29,1
1780,09:30:02,$ 3245.29,1
1781,09:30:02,$ 3245.29,2
1782,09:30:02,$ 3245.29,1
1783,09:30:02,$ 3245.29,1
1784,09:30:02,$ 3245.29,1
1786,09:30:02,$ 3245.29,3
1787,09:30:02,$ 3245.29,1
1788,09:30:02,$ 3245.29,1
1789,09:30:02,$ 3245.29,5
1790,09:30:02,$ 3245.29,1
1791,09:30:02,$ 3245.29,3
1792,09:30:02,$ 3245.29,18
1793,09:30:02,$ 3245.29,1
1794,09:30:02,$ 3245.29,5
1795,09:30:02,$ 3245.29,20
1796,09:30:02,$ 3245.29,1
1797,09:30:02,$ 3245.29,3
1798,09:30:02,$ 3245.29,1
1799,09:30:02,$ 3245.29,4
1800,09:30:02,$ 3245.29,2
1801,09:30:02,$ 3245.29,1
1802,09:30:02,$ 3245.29,3
1803,09:30:02,$ 3245.29,1
1804,09:30:02,$ 3245.29,8
1805,09:30:02,$ 3245.29,2
1807,09:30:02,$ 3245.29,2
1808,09:30:02,$ 3245.29,1
1809,09:30:02,$ 3245.29,3
1810,09:30:02,$ 3245.29,2
1811,09:30:02,$ 3245.29,1
1812,09:30:02,$ 3245.29,2
1813,09:30:02,$ 3245.29,1
1814,09:30:02,$ 3245.29,2
1815,09:30:02,$ 3245.29,2
1816,09:30:02,$ 3245.29,2
1817,09:30:02,$ 3245.29,3
1818,09:30:02,$ 3245.29,1
1819,09:30:02,$ 3245.29,1
1820,09:30:02,$ 3245.29,1
1821,09:30:02,$ 3245.29,6
1822,09:30:02,$ 3245.29,3
1823,09:30:02,$ 3245.29,1
1824,09:30:02,$ 3245.29,1
1825,09:30:02,$ 3245.29,2
1826,09:30:02,$ 3245.29,2
1828,09:30:02,$ 3245.29,2
1829,09:30:02,$ 3245.29,2
1830,09:30:02,$ 3245.29,1
1831,09:30:02,$ 3245.29,3
1832,09:30:02,$ 3245.29,3
1833,09:30:02,$ 3245.29,2
1834,09:30:02,$ 3245.29,1
1835,09:30:02,$ 3245.29,1
1836,09:30:02,$ 3245.29,1
1837,09:30:02,$ 3245.29,1
1838,09:30:02,$ 3245.29,1
1839,09:30:02,$ 3245.29,2
1840,09:30:02,$ 3245.29,12
1841,09:30:02,$ 3245.29,2
1842,09:30:02,$ 3245.29,5
1843,09:30:02,$ 3245.29,6
1844,09:30:02,$ 3245.29,1
1845,09:30:02,$ 3245.29,1
1846,09:30:02,$ 3245.29,1
1847,09:30:02,$ 3245.29,1
1849,09:30:02,$ 3245.29,1
1850,09:30:02,$ 3245.29,2
1851,09:30:02,$ 3245.29,3
1852,09:30:02,$ 3245.29,10
1853,09:30:02,$ 3245.29,1
1854,09:30:02,$ 3245.29,19
1855,09:30:02,$ 3245.29,2
1856,09:30:02,$ 3245.29,2
1857,09:30:02,$ 3245.29,1
1858,09:30:02,$ 3245.29,1
1859,09:30:02,$ 3245.29,2
1860,09:30:02,$ 3245.29,1
1861,09:30:02,$ 3245.29,1
1862,09:30:02,$ 3245.29,5
1863,09:30:02,$ 3245.29,5
1864,09:30:02,$ 3245.29,1
1865,09:30:02,$ 3245.29,4
1866,09:30:02,$ 3245.29,3
1867,09:30:02,$ 3245.29,1
1868,09:30:02,$ 3245.29,1
1870,09:30:02,$ 3245.29,5
1871,09:30:02,$ 3245.29,1
1872,09:30:02,$ 3245.29,1
1873,09:30:02,$ 3245.29,1
1874,09:30:02,$ 3245.29,5
1875,09:30:02,$ 3245.29,3
1876,09:30:02,$ 3245.29,3
1877,09:30:02,$ 3245.29,1
1878,09:30:02,$ 3245.29,6
1879,09:30:02,$ 3245.29,1
1880,09:30:02,$ 3245.29,1
1881,09:30:02,$ 3245.29,46
1882,09:30:02,$ 3245.29,32
1883,09:30:02,$ 3245.29,1
1884,09:30:02,$ 3245.29,1
1885,09:30:02,$ 3245.29,62
1886,09:30:02,$ 3245.29,1
1887,09:30:02,$ 3245.29,1
1888,09:30:02,$ 3245.29,3
1889,09:30:02,$ 3245.29,1
1891,09:30:02,$ 3245.29,3
1892,09:30:02,$ 3245.29,2
1893,09:30:02,$ 3245.29,1
1894,09:30:02,$ 3245.29,2
1895,09:30:02,$ 3245.29,3
1896,09:30:02,$ 3245.29,2
1897,09:30:02,$ 3245.29,15
1898,09:30:02,$ 3245.29,10
1899,09:30:02,$ 3245.29,20
1900,09:30:02,$ 3245.29,2
1901,09:30:02,$ 3245.29,1
1902,09:30:02,$ 3245.29,15
1903,09:30:02,$ 3245.29,4
1904,09:30:02,$ 3245.29,1
1905,09:30:02,$ 3245.29,20
1906,09:30:02,$ 3245.29,1
1907,09:30:02,$ 3245.29,2
1908,09:30:02,$ 3245.29,3
1909,09:30:02,$ 3245.29,12
1910,09:30:02,$ 3245.29,2
1912,09:30:02,$ 3245.29,129
1913,09:30:02,$ 3245.29,36
1914,09:30:02,$ 3245.29,1
1915,09:30:02,$ 3245.29,40
1916,09:30:02,$ 3245.29,1
1917,09:30:02,$ 3245.29,1
1918,09:30:02,$ 3245.29,1
1919,09:30:02,$ 3245.29,1
1920,09:30:02,$ 3245.29,6
1921,09:30:02,$ 3245.29,4
1922,09:30:02,$ 3245.29,4
1923,09:30:02,$ 3245.29,15
1924,09:30:02,$ 3245.29,9
1925,09:30:02,$ 3245.29,6
1926,09:30:02,$ 3245.29,1
1927,09:30:02,$ 3245.29,15
1928,09:30:02,$ 3245.29,7
1929,09:30:02,$ 3245.29,2
1930,09:30:02,$ 3245.29,2
1931,09:30:02,$ 3245.29,10
1933,09:30:02,$ 3245.29,3
1934,09:30:02,$ 3245.29,2
1935,09:30:02,$ 3245.29,15
1936,09:30:02,$ 3245.29,1
1937,09:30:02,$ 3245.29,3
1938,09:30:02,$ 3245.29,1
1939,09:30:02,$ 3245.29,1
1940,09:30:02,$ 3245.29,1
1941,09:30:02,$ 3245.29,5
1942,09:30:02,$ 3245.29,3
1943,09:30:02,$ 3245.29,2
1944,09:30:02,$ 3245.29,1
1945,09:30:02,$ 3245.29,5
1946,09:30:02,$ 3245.29,3
1947,09:30:02,$ 3245.29,6
1948,09:30:02,$ 3245.29,2
1949,09:30:02,$ 3245.29,25
1950,09:30:02,$ 3245.29,13
1951,09:30:02,$ 3245.29,1
1952,09:30:02,$ 3245.29,5
1954,09:30:02,$ 3245.29,4
1955,09:30:02,$ 3245.29,1
1956,09:30:02,$ 3245.29,6
1957,09:30:02,$ 3245.29,2
1958,09:30:02,$ 3245.29,4
1959,09:30:02,$ 3245.29,8
1960,09:30:02,$ 3245.29,4
1961,09:30:02,$ 3245.29,3
1962,09:30:02,$ 3245.29,1
1963,09:30:02,$ 3245.29,12
1964,09:30:02,$ 3245.29,1
1965,09:30:02,$ 3245.29,2
1966,09:30:02,$ 3245.29,13
1967,09:30:02,$ 3245.29,4
1968,09:30:02,$ 3245.29,1
1969,09:30:02,$ 3245.29,10
1970,09:30:02,$ 3245.29,10
1971,09:30:02,$ 3245.29,1
1972,09:30:02,$ 3245.29,4
1973,09:30:02,$ 3245.29,4
1975,09:30:02,$ 3245.29,1
1976,09:30:02,$ 3245.29,2
1977,09:30:02,$ 3245.29,2
1978,09:30:02,$ 3245.29,1
1979,09:30:02,$ 3245.29,1
1980,09:30:02,$ 3245.29,10
1981,09:30:02,$ 3245.29,20
1982,09:30:02,$ 3245.29,6
1983,09:30:02,$ 3245.29,2
1984,09:30:02,$ 3245.29,2
1985,09:30:02,$ 3245.29,8
1986,09:30:02,$ 3245.29,1
1987,09:30:02,$ 3245.29,6
1988,09:30:02,$ 3245.29,1
1989,09:30:02,$ 3245.29,141
1990,09:30:02,$ 3245.29,1
1991,09:30:02,$ 3245.29,1
1992,09:30:02,$ 3245.29,10
1993,09:30:02,$ 3245.29,10
1994,09:30:02,$ 3245.29,2
1996,09:30:02,$ 3245.29,2
1997,09:30:02,$ 3245.29,1
1998,09:30:02,$ 3245.29,7
1999,09:30:02,$ 3245.29,1
2000,09:30:02,$ 3245.29,99
2001,09:30:02,$ 3245.29,1
2002,09:30:02,$ 3245.29,10
2003,09:30:02,$ 3245.29,10
2004,09:30:02,$ 3245.29,1
2005,09:30:02,$ 3245.29,1
2006,09:30:02,$ 3245.29,1
2007,09:30:02,$ 3245.29,2
2008,09:30:02,$ 3245.29,100
2009,09:30:02,$ 3245.29,300
2010,09:30:02,$ 3245.29,500
2011,09:30:02,$ 3245.29,1
2012,09:30:02,$ 3245.29,10
2013,09:30:02,$ 3245.29,42
2014,09:30:02,$ 3245.29,3
2015,09:30:02,$ 3245.29,90
2017,09:30:02,$ 3245.29,52
2018,09:30:02,$ 3245.29,9
2019,09:30:02,$ 3245.29,30
2020,09:30:02,$ 3245.29,15
2021,09:30:02,$ 3245.29,31
2022,09:30:02,$ 3245.29,2
2023,09:30:02,$ 3245.29,2
2024,09:30:02,$ 3245.29,1
2025,09:30:02,$ 3245.29,1
2026,09:30:02,$ 3245.29,1
2027,09:30:02,$ 3245.29,30
2028,09:30:02,$ 3245.29,184
2029,09:30:02,$ 3245.29,166
2030,09:30:02,$ 3245.29,1
2031,09:30:02,$ 3245.29,5
2032,09:30:02,$ 3245.29,1
2033,09:30:02,$ 3245.29,1
2034,09:30:02,$ 3245.29,3
2035,09:30:02,$ 3245.29,14
2036,09:30:02,$ 3245.29,10
2038,09:30:02,$ 3245.29,20
2039,09:30:02,$ 3245.29,20
2040,09:30:02,$ 3245.29,2
2041,09:30:02,$ 3245.29,50
2042,09:30:02,$ 3245.29,2
2043,09:30:02,$ 3245.29,1
2044,09:30:02,$ 3245.29,1
2045,09:30:02,$ 3245.29,5
2046,09:30:02,$ 3245.29,1
2047,09:30:02,$ 3245.29,1
2048,09:30:02,$ 3245.29,1
2049,09:30:02,$ 3245.29,26
2050,09:30:02,$ 3245.29,10
2051,09:30:02,$ 3245.29,1
2052,09:30:02,$ 3245.29,1
2053,09:30:02,$ 3245.29,1
2054,09:30:02,$ 3245.29,2
2055,09:30:02,$ 3245.29,1
2056,09:30:02,$ 3245.29,96
2057,09:30:02,$ 3245.29,3
2059,09:30:02,$ 3245.29,3
2060,09:30:02,$ 3245.29,2
2061,09:30:02,$ 3245.29,8
2062,09:30:02,$ 3245.29,1
2063,09:30:02,$ 3245.29,1
2064,09:30:02,$ 3245.29,30
2065,09:30:02,$ 3245.29,27
2066,09:30:02,$ 3245.29,1
2067,09:30:02,$ 3245.29,10
2068,09:30:02,$ 3245.29,10
2069,09:30:01,$ 3247.7204,600
2070,09:30:01,$ 3244.4042,100
2072,10:29:52,$ 3254.60,100
2073,10:29:52,$ 3254.59,100
2074,10:29:36,$ 3254.55,100
2075,10:29:19,$ 3253.72,200
2076,10:29:18,$ 3254.01,100
2077,10:29:17,$ 3254.55,500
2078,10:29:16,$ 3254.53,100
2079,10:29:14,$ 3254.6621,100
2080,10:29:08,$ 3253.70,100
2081,10:29:07,$ 3254.00,165
2082,10:29:07,$ 3254.00,100
2083,10:29:07,$ 3253.58,100
2084,10:28:43,$ 3252.4621,110
2085,10:28:29,$ 3253.00,150
2086,10:28:28,$ 3252.76,100
2087,10:28:28,$ 3252.74,100
2088,10:27:51,$ 3251.96,100
2089,10:27:48,$ 3251.96,400
2090,10:27:44,$ 3251.44,100
2091,10:27:38,$ 3252.085,100
2093,10:27:35,$ 3251.34,100
2094,10:27:33,$ 3250.7198,235
2095,10:27:23,$ 3251.53,100
2096,10:27:20,$ 3251.5301,220
2097,10:27:18,$ 3251.73,130
2098,10:27:15,$ 3250.57,100
2099,10:27:15,$ 3250.57,100
2100,10:26:52,$ 3250.76,233
2101,10:26:52,$ 3250.76,111
2102,10:26:52,$ 3250.00,100
2103,10:26:52,$ 3250.00,100
2104,10:26:52,$ 3248.95,100
2105,10:26:51,$ 3248.01,100
2106,10:26:46,$ 3249.48,100
2107,10:26:16,$ 3247.50,100
2108,10:26:02,$ 3247.75,100
2109,10:25:57,$ 3248.24,100
2110,10:25:39,$ 3248.78,100
2111,10:25:11,$ 3248.42,100
2112,10:25:06,$ 3249.69,100
2114,10:25:03,$ 3249.73,185
2115,10:24:32,$ 3249.7311,100
2116,10:24:24,$ 3248.805,200
2117,10:24:22,$ 3249.00,420
2118,10:24:22,$ 3249.00,145
2119,10:24:03,$ 3250.75,100
2120,10:23:46,$ 3249.852,100
2121,10:23:44,$ 3249.155,148
2122,10:23:25,$ 3250.00,100
2123,10:23:11,$ 3249.4725,100
2124,10:23:11,$ 3249.6575,100
2125,10:23:04,$ 3250.445,100
2126,10:23:04,$ 3249.845,100
2127,10:23:04,$ 3250.00,200
2128,10:23:04,$ 3250.00,100
2129,10:23:04,$ 3249.995,100
2130,10:23:04,$ 3249.995,100
2131,10:22:51,$ 3248.61,100
2132,10:22:38,$ 3249.60,100
2133,10:22:12,$ 3250.35,400
2135,10:22:02,$ 3251.99,100
2136,10:22:02,$ 3251.97,200
2137,10:21:45,$ 3250.59,100
2138,10:21:42,$ 3250.67,100
2139,10:21:36,$ 3250.15,100
2140,10:21:17,$ 3248.87,100
2141,10:21:17,$ 3248.81,100
2142,10:21:03,$ 3248.6736,100
2143,10:20:56,$ 3248.345,100
2144,10:20:55,$ 3249.22,100
2145,10:20:55,$ 3249.27,100
2146,10:20:54,$ 3249.25,100
2147,10:20:47,$ 3248.15,100
2148,10:20:37,$ 3249.885,500
2149,10:20:27,$ 3250.17,105
2150,10:20:17,$ 3250.00,300
2151,10:20:17,$ 3250.00,300
2152,10:20:02,$ 3250.02,100
2153,10:20:02,$ 3249.95,100
2154,10:19:53,$ 3249.3138,100
2156,10:19:42,$ 3249.2016,122
2157,10:19:35,$ 3249.954,"1,000"
2158,10:19:33,$ 3248.91,297
2159,10:19:33,$ 3248.50,100
2160,10:19:33,$ 3248.65,100
2161,10:19:33,$ 3248.82,111
2162,10:18:32,$ 3248.52,100
2163,10:18:23,$ 3247.96,200
2164,10:18:11,$ 3248.35,100
2165,10:18:09,$ 3249.27,197
2166,10:17:54,$ 3248.69,100
2167,10:17:54,$ 3248.70,100
2168,10:17:54,$ 3249.09,100
2169,10:17:36,$ 3249.36,100
2170,10:17:36,$ 3249.51,100
2171,10:17:36,$ 3249.41,100
2172,10:17:11,$ 3249.25,100
2173,10:17:00,$ 3249.72,100
2174,10:17:00,$ 3249.77,100
2175,10:17:00,$ 3249.93,100
2177,10:16:57,$ 3249.25,200
2178,10:16:46,$ 3249.41,100
2179,10:16:23,$ 3247.79,100
2180,10:16:11,$ 3248.685,100
2181,10:16:10,$ 3248.945,100
2182,10:16:03,$ 3246.32,100
2183,10:16:03,$ 3246.895,100
2184,10:15:47,$ 3247.97,100
2185,10:15:43,$ 3247.774,150
2186,10:15:33,$ 3248.84,100
2187,10:15:27,$ 3249.17,100
2188,10:15:25,$ 3249.19,200
2189,10:15:19,$ 3250.89,100
2190,10:15:15,$ 3250.51,100
2191,10:15:14,$ 3250.84,100
2192,10:15:13,$ 3251.0922,200
2193,10:15:10,$ 3249.78,123
2194,10:15:06,$ 3249.1201,200
2195,10:15:03,$ 3249.04,156
2196,10:15:01,$ 3248.57,100
2198,10:14:16,$ 3247.44,100
2199,10:14:12,$ 3247.41,100
2200,10:14:00,$ 3248.7676,200
2201,10:13:33,$ 3248.495,125
2202,10:13:25,$ 3249.4499,100
2203,10:13:20,$ 3248.545,100
2204,10:13:14,$ 3248.90,100
2205,10:13:13,$ 3248.555,100
2206,10:13:12,$ 3248.55,100
2207,10:13:12,$ 3247.67,100
2208,10:13:12,$ 3248.42,100
2209,10:13:08,$ 3248.85,100
2210,10:13:08,$ 3249.12,100
2211,10:13:08,$ 3248.575,200
2212,10:13:07,$ 3248.71,140
2213,10:13:01,$ 3248.04,100
2214,10:12:33,$ 3249.80,186
2215,10:12:33,$ 3249.80,671
2216,10:12:28,$ 3250.35,100
2217,10:12:13,$ 3249.9725,100
2219,10:12:12,$ 3248.90,100
2220,10:12:10,$ 3250.77,100
2221,10:12:09,$ 3250.00,116
2222,10:12:09,$ 3250.078,100
2223,10:12:09,$ 3250.00,492
2224,10:12:09,$ 3250.02,100
2225,10:12:09,$ 3250.005,100
2226,10:11:19,$ 3252.21,106
2227,10:10:16,$ 3252.73,100
2228,10:10:02,$ 3253.2078,111
2229,10:10:01,$ 3252.21,100
2230,10:09:24,$ 3252.78,396
2231,10:09:24,$ 3252.454,100
2232,10:09:24,$ 3252.78,100
2233,10:09:24,$ 3251.58,200
2234,10:09:24,$ 3251.7816,100
2235,10:09:07,$ 3252.065,100
2236,10:08:46,$ 3252.2801,100
2237,10:08:40,$ 3252.0001,100
2238,10:08:32,$ 3252.51,100
2240,10:08:14,$ 3252.6022,150
2241,10:08:13,$ 3253.01,100
2242,10:08:13,$ 3253.00,200
2243,10:08:13,$ 3253.01,100
2244,10:07:35,$ 3255.00,112
2245,10:07:35,$ 3255.02,100
2246,10:07:35,$ 3255.00,212
2247,10:07:05,$ 3255.01,100
2248,10:07:01,$ 3255.00,100
2249,10:07:01,$ 3254.71,100
2250,10:07:01,$ 3254.56,100
2251,10:07:00,$ 3255.1015,100
2252,10:07:00,$ 3255.1015,100
2253,10:07:00,$ 3255.13,100
2254,10:07:00,$ 3255.13,100
2255,10:06:57,$ 3255.9995,100
2256,10:06:57,$ 3255.99,100
2257,10:06:54,$ 3255.23,100
2258,10:06:24,$ 3256.78,100
2259,10:06:24,$ 3256.48,100
2261,10:06:05,$ 3256.14,100
2262,10:05:59,$ 3256.42,100
2263,10:05:59,$ 3256.50,100
2264,10:05:59,$ 3256.4005,100
2265,10:05:59,$ 3256.56,100
2266,10:05:52,$ 3255.947,100
2267,10:05:30,$ 3257.86,100
2268,10:05:30,$ 3258.00,342
2269,10:05:30,$ 3258.00,116
2270,10:05:03,$ 3255.00,100
2271,10:04:54,$ 3254.56,100
2272,10:04:54,$ 3254.35,100
2273,10:04:54,$ 3254.56,100
2274,10:04:54,$ 3254.54,100
2275,10:04:54,$ 3254.56,100
2276,10:04:44,$ 3255.91,100
2277,10:04:40,$ 3255.00,100
2278,10:04:40,$ 3255.00,100
2279,10:04:36,$ 3257.00,100
2280,10:04:36,$ 3257.00,301
2282,10:04:36,$ 3257.00,498
2283,10:04:02,$ 3256.99,100
2284,10:03:46,$ 3254.7018,170
2285,10:03:46,$ 3254.55,100
2286,10:03:46,$ 3254.55,100
2287,10:03:46,$ 3254.55,100
2288,10:03:46,$ 3254.55,100
2289,10:03:46,$ 3254.55,100
2290,10:03:46,$ 3254.85,200
2291,10:03:46,$ 3256.01,100
2292,10:03:46,$ 3256.00,100
2293,10:03:46,$ 3256.00,100
2294,10:03:45,$ 3257.325,100
2295,10:03:40,$ 3257.80,100
2296,10:03:37,$ 3257.78,100
2297,10:03:17,$ 3257.90,300
2298,10:03:04,$ 3257.2384,101
2299,10:03:03,$ 3257.60,100
2300,10:02:56,$ 3258.4899,100
2301,10:02:53,$ 3258.135,100
2303,10:02:53,$ 3257.68,100
2304,10:02:48,$ 3258.60,100
2305,10:02:48,$ 3258.205,100
2306,10:02:48,$ 3258.205,100
2307,10:02:28,$ 3258.00,100
2308,10:02:12,$ 3258.8825,101
2309,10:02:12,$ 3258.00,286
2310,10:02:12,$ 3258.00,100
2311,10:02:12,$ 3258.12,100
2312,10:02:12,$ 3258.00,100
2313,10:02:12,$ 3258.00,100
2314,10:02:09,$ 3258.01,100
2315,10:02:00,$ 3257.00,100
2316,10:02:00,$ 3257.0125,100
2317,10:01:50,$ 3257.395,100
2318,10:01:40,$ 3257.085,200
2319,10:01:31,$ 3259.39,100
2320,10:01:25,$ 3259.3158,100
2321,10:01:20,$ 3259.63,100
2322,10:01:19,$ 3259.67,100
2324,10:01:19,$ 3259.53,100
2325,10:01:19,$ 3259.6799,100
2326,10:01:18,$ 3258.76,100
2327,10:01:16,$ 3258.00,100
2328,10:01:16,$ 3258.12,100
2329,10:01:16,$ 3258.97,100
2330,10:01:16,$ 3258.97,100
2331,10:01:15,$ 3258.01,600
2332,10:01:15,$ 3258.01,100
2333,10:01:15,$ 3258.69,100
2334,10:01:15,$ 3258.80,100
2335,10:01:15,$ 3258.80,100
2336,10:01:14,$ 3259.00,100
2337,10:01:14,$ 3259.00,723
2338,10:01:12,$ 3257.985,100
2339,10:01:12,$ 3257.97,100
2340,10:01:10,$ 3257.5101,100
2341,10:01:08,$ 3257.99,100
2342,10:01:08,$ 3257.49,100
2343,10:01:08,$ 3257.58,100
2345,10:01:03,$ 3257.14,100
2346,10:01:03,$ 3256.725,100
2347,10:00:59,$ 3254.43,100
2348,10:00:59,$ 3253.01,100
2349,10:00:51,$ 3252.965,100
2350,10:00:47,$ 3255.055,100
2351,10:00:46,$ 3254.3652,101
2352,10:00:42,$ 3255.555,100
2353,10:00:34,$ 3256.24,100
2354,10:00:25,$ 3256.425,100
2355,10:00:21,$ 3255.86,100
2356,10:00:17,$ 3258.1124,100
2357,10:00:15,$ 3258.23,100
2358,10:00:15,$ 3258.00,400
2359,10:00:15,$ 3258.00,100
2360,10:00:15,$ 3258.00,100
2361,10:00:13,$ 3257.63,130
2362,10:00:13,$ 3256.88,100
2363,10:00:08,$ 3256.56,100
2364,10:00:07,$ 3255.4801,100
2366,10:00:05,$ 3256.48,100
2367,10:00:05,$ 3255.97,100
2368,10:00:05,$ 3256.00,103
2369,10:00:05,$ 3256.00,173
2370,10:00:05,$ 3255.065,100
2372,10:59:57,$ 3244.13,128
2373,10:59:57,$ 3244.13,100
2374,10:59:57,$ 3244.13,100
2375,10:59:57,$ 3244.13,100
2376,10:59:54,$ 3243.04,100
2377,10:59:54,$ 3243.91,100
2378,10:59:50,$ 3243.085,100
2379,10:59:40,$ 3244.21,400
2380,10:59:39,$ 3244.20,100
2381,10:59:37,$ 3243.915,100
2382,10:59:36,$ 3244.02,100
2383,10:59:36,$ 3243.00,116
2384,10:59:34,$ 3243.91,100
2385,10:59:34,$ 3244.00,100
2386,10:59:30,$ 3244.81,110
2387,10:59:30,$ 3245.23,100
2388,10:59:30,$ 3245.10,100
2389,10:59:09,$ 3245.87,100
2390,10:59:09,$ 3245.91,100
2391,10:59:04,$ 3245.455,100
2393,10:59:03,$ 3245.03,100
2394,10:58:52,$ 3246.04,100
2395,10:58:52,$ 3246.04,100
2396,10:58:51,$ 3246.04,100
2397,10:58:49,$ 3245.58,100
2398,10:58:37,$ 3246.52,100
2399,10:58:37,$ 3246.53,100
2400,10:58:36,$ 3246.44,100
2401,10:58:28,$ 3246.18,100
2402,10:58:28,$ 3247.06,100
2403,10:58:28,$ 3247.17,100
2404,10:58:28,$ 3247.18,100
2405,10:58:28,$ 3247.20,100
2406,10:58:28,$ 3246.33,300
2407,10:58:24,$ 3246.3408,500
2408,10:58:11,$ 3246.33,100
2409,10:58:11,$ 3246.92,100
2410,10:58:06,$ 3246.425,100
2411,10:58:06,$ 3246.51,400
2412,10:57:42,$ 3246.005,100
2414,10:57:42,$ 3246.05,100
2415,10:57:42,$ 3247.11,100
2416,10:57:40,$ 3247.01,100
2417,10:57:36,$ 3247.46,100
2418,10:57:34,$ 3246.32,100
2419,10:57:29,$ 3245.17,100
2420,10:57:19,$ 3246.37,100
2421,10:57:10,$ 3246.375,100
2422,10:57:04,$ 3246.20,100
2423,10:57:04,$ 3246.025,100
2424,10:56:35,$ 3246.42,100
2425,10:55:58,$ 3246.20,100
2426,10:55:31,$ 3248.00,100
2427,10:55:30,$ 3248.002,100
2428,10:55:09,$ 3247.48,100
2429,10:55:07,$ 3247.06,100
2430,10:55:07,$ 3247.05,100
2431,10:55:07,$ 3247.07,116
2432,10:55:06,$ 3246.53,100
2433,10:55:06,$ 3246.135,100
2435,10:55:05,$ 3246.535,119
2436,10:55:05,$ 3246.56,100
2437,10:55:04,$ 3247.01,100
2438,10:55:04,$ 3247.01,100
2439,10:55:01,$ 3247.03,500
2440,10:55:00,$ 3247.02,100
2441,10:55:00,$ 3247.01,100
2442,10:54:45,$ 3247.028,100
2443,10:54:45,$ 3247.65,100
2444,10:54:43,$ 3248.04,100
2445,10:54:43,$ 3248.40,100
2446,10:54:35,$ 3249.025,101
2447,10:54:32,$ 3248.88,100
2448,10:54:21,$ 3250.00,100
2449,10:54:17,$ 3250.54,100
2450,10:54:13,$ 3250.80,100
2451,10:53:46,$ 3250.935,100
2452,10:53:34,$ 3250.94,100
2453,10:53:23,$ 3250.64,100
2454,10:53:05,$ 3250.90,100
2456,10:52:59,$ 3251.515,100
2457,10:52:52,$ 3251.63,100
2458,10:52:27,$ 3251.625,100
2459,10:52:12,$ 3251.90,100
2460,10:52:12,$ 3251.97,100
2461,10:52:12,$ 3253.20,100
2462,10:51:36,$ 3252.58,100
2463,10:51:28,$ 3252.23,100
2464,10:51:21,$ 3251.495,100
2465,10:51:20,$ 3251.51,100
2466,10:50:58,$ 3252.02,100
2467,10:50:35,$ 3251.02,100
2468,10:50:34,$ 3251.30,100
2469,10:50:31,$ 3252.465,100
2470,10:50:06,$ 3252.74,100
2471,10:50:05,$ 3252.80,100
2472,10:50:01,$ 3252.835,100
2473,10:49:58,$ 3252.75,100
2474,10:49:51,$ 3253.01,100
2475,10:49:51,$ 3253.00,100
2477,10:49:17,$ 3253.91,100
2478,10:49:12,$ 3254.06,100
2479,10:49:01,$ 3253.46,100
2480,10:49:01,$ 3254.02,100
2481,10:49:01,$ 3253.56,100
2482,10:48:59,$ 3253.095,100
2483,10:48:59,$ 3253.095,100
2484,10:48:59,$ 3253.00,100
2485,10:48:21,$ 3254.06,100
2486,10:48:04,$ 3253.84,100
2487,10:48:03,$ 3253.47,100
2488,10:48:01,$ 3252.93,125
2489,10:48:01,$ 3252.94,131
2490,10:48:01,$ 3252.94,232
2491,10:48:01,$ 3252.515,100
2492,10:47:51,$ 3252.725,100
2493,10:47:36,$ 3252.735,100
2494,10:47:24,$ 3253.84,100
2495,10:47:24,$ 3253.60,100
2496,10:47:24,$ 3253.9051,261
2498,10:47:24,$ 3253.9051,285
2499,10:47:24,$ 3254.00,186
2500,10:47:24,$ 3253.894,400
2501,10:47:24,$ 3252.805,100
2502,10:47:24,$ 3253.14,100
2503,10:47:24,$ 3253.16,100
2504,10:47:24,$ 3253.06,100
2505,10:47:24,$ 3253.12,100
2506,10:47:24,$ 3253.16,100
2507,10:47:24,$ 3253.16,100
2508,10:47:24,$ 3252.595,100
2509,10:47:14,$ 3253.005,100
2510,10:47:14,$ 3253.88,494
2511,10:47:11,$ 3252.01,500
2512,10:47:00,$ 3252.88,100
2513,10:46:07,$ 3251.57,205
2514,10:45:56,$ 3251.8624,100
2515,10:45:56,$ 3251.14,100
2516,10:45:07,$ 3250.01,100
2517,10:44:27,$ 3250.59,100
2519,10:44:16,$ 3250.2794,100
2520,10:43:55,$ 3251.00,100
2521,10:43:26,$ 3249.22,100
2522,10:43:11,$ 3249.1441,171
2523,10:43:07,$ 3249.38,100
2524,10:43:05,$ 3249.215,100
2525,10:42:59,$ 3250.30,100
2526,10:42:59,$ 3250.565,100
2527,10:42:59,$ 3250.36,100
2528,10:42:59,$ 3250.30,733
2529,10:42:57,$ 3250.415,100
2530,10:42:25,$ 3249.6793,100
2531,10:42:25,$ 3249.66,100
2532,10:42:25,$ 3249.50,100
2533,10:42:25,$ 3249.40,100
2534,10:42:25,$ 3249.6762,300
2535,10:42:25,$ 3249.20,100
2536,10:42:02,$ 3249.20,200
2537,10:42:02,$ 3249.202,100
2538,10:42:02,$ 3249.2004,100
2540,10:42:00,$ 3250.25,100
2541,10:42:00,$ 3250.22,100
2542,10:41:50,$ 3249.19,100
2543,10:41:39,$ 3249.0447,100
2544,10:41:33,$ 3248.485,500
2545,10:41:21,$ 3247.69,100
2546,10:41:21,$ 3248.05,100
2547,10:41:21,$ 3248.00,100
2548,10:41:21,$ 3247.69,100
2549,10:41:21,$ 3247.69,183
2550,10:41:21,$ 3247.69,116
2551,10:41:00,$ 3248.195,100
2552,10:41:00,$ 3248.33,100
2553,10:40:36,$ 3250.0125,400
2554,10:40:29,$ 3249.2775,100
2555,10:40:28,$ 3249.91,100
2556,10:40:03,$ 3249.7381,"1,500"
2557,10:39:50,$ 3248.04,100
2558,10:39:41,$ 3248.965,182
2559,10:39:16,$ 3251.17,100
2561,10:39:16,$ 3251.14,100
2562,10:39:16,$ 3251.02,100
2563,10:39:16,$ 3251.0038,200
2564,10:39:16,$ 3251.41,100
2565,10:38:34,$ 3253.4215,225
2566,10:38:24,$ 3253.9499,100
2567,10:38:23,$ 3253.45,100
2568,10:38:20,$ 3253.75,100
2569,10:37:59,$ 3253.74,100
2570,10:37:59,$ 3253.73,100
2571,10:36:34,$ 3254.50,100
2572,10:35:48,$ 3254.15,100
2573,10:35:48,$ 3254.15,100
2574,10:35:47,$ 3253.7863,101
2575,10:35:42,$ 3253.0501,100
2576,10:35:21,$ 3255.00,100
2577,10:35:13,$ 3254.7929,100
2578,10:35:12,$ 3254.96,100
2579,10:35:12,$ 3254.96,100
2580,10:35:09,$ 3254.18,100
2582,10:35:08,$ 3254.745,100
2583,10:34:58,$ 3254.515,200
2584,10:34:50,$ 3254.1861,100
2585,10:34:26,$ 3255.3411,100
2586,10:34:05,$ 3255.67,200
2587,10:33:52,$ 3253.7701,100
2588,10:33:51,$ 3253.87,100
2589,10:33:45,$ 3253.78,100
2590,10:33:44,$ 3253.47,100
2591,10:33:24,$ 3253.00,860
2592,10:33:17,$ 3253.355,200
2593,10:32:57,$ 3253.46,100
2594,10:32:15,$ 3252.80,100
2595,10:32:15,$ 3252.02,100
2596,10:32:15,$ 3252.33,100
2597,10:32:15,$ 3252.33,300
2598,10:32:15,$ 3252.0038,200
2599,10:32:15,$ 3252.02,100
2600,10:31:25,$ 3255.13,157
2601,10:31:21,$ 3255.50,100
2603,10:31:19,$ 3255.23,100
2604,10:31:08,$ 3253.50,154
2605,10:31:03,$ 3253.7954,100
2606,10:31:03,$ 3254.07,100
2607,10:30:34,$ 3255.09,100
2608,10:30:30,$ 3254.514,100
2610,11:29:50,$ 3245.7801,"2,000"
2611,11:29:49,$ 3246.40,100
2612,11:29:49,$ 3246.04,100
2613,11:29:44,$ 3245.37,100
2614,11:29:42,$ 3245.17,100
2615,11:29:39,$ 3246.095,108
2616,11:29:29,$ 3246.155,100
2617,11:29:28,$ 3246.72,100
2618,11:29:26,$ 3246.84,100
2619,11:29:06,$ 3247.11,100
2620,11:29:06,$ 3247.45,100
2621,11:29:05,$ 3247.2443,100
2622,11:28:57,$ 3247.27,100
2623,11:28:55,$ 3245.59,314
2624,11:28:38,$ 3246.00,100
2625,11:28:37,$ 3245.99,100
2626,11:28:35,$ 3245.9875,100
2627,11:28:35,$ 3245.9975,100
2628,11:28:34,$ 3246.42,100
2629,11:28:32,$ 3246.40,100
2631,11:28:32,$ 3246.40,100
2632,11:28:32,$ 3246.00,178
2633,11:28:30,$ 3245.94,100
2634,11:28:26,$ 3246.0321,200
2635,11:28:08,$ 3246.39,100
2636,11:27:36,$ 3245.45,100
2637,11:27:25,$ 3243.7301,150
2638,11:27:22,$ 3245.51,100
2639,11:27:17,$ 3244.8025,100
2640,11:27:13,$ 3244.90,100
2641,11:27:08,$ 3244.43,100
2642,11:27:02,$ 3244.56,100
2643,11:26:56,$ 3245.97,100
2644,11:26:56,$ 3245.97,100
2645,11:26:51,$ 3244.82,100
2646,11:26:48,$ 3245.1103,500
2647,11:26:46,$ 3244.69,100
2648,11:26:44,$ 3244.2201,100
2649,11:26:44,$ 3244.3525,100
2650,11:26:41,$ 3245.49,500
2652,11:26:26,$ 3244.75,100
2653,11:26:26,$ 3244.75,100
2654,11:26:26,$ 3244.75,100
2655,11:26:26,$ 3244.75,100
2656,11:26:26,$ 3244.67,100
2657,11:26:24,$ 3244.55,100
2658,11:26:20,$ 3243.77,100
2659,11:26:12,$ 3243.33,988
2660,11:26:11,$ 3242.9095,130
2661,11:26:09,$ 3242.00,400
2662,11:26:09,$ 3241.99,100
2663,11:26:09,$ 3242.00,100
2664,11:26:05,$ 3241.49,100
2665,11:26:04,$ 3241.50,100
2666,11:26:04,$ 3241.49,100
2667,11:25:43,$ 3241.6786,100
2668,11:25:37,$ 3241.71,100
2669,11:25:36,$ 3241.335,100
2670,11:25:35,$ 3241.80,100
2671,11:25:34,$ 3241.305,104
2673,11:24:54,$ 3239.90,100
2674,11:24:50,$ 3240.13,100
2675,11:24:50,$ 3240.07,100
2676,11:24:50,$ 3240.10,100
2677,11:24:35,$ 3238.67,315
2678,11:24:35,$ 3239.40,171
2679,11:24:16,$ 3240.83,600
2680,11:24:05,$ 3240.535,100
2681,11:24:02,$ 3240.00,100
2682,11:23:33,$ 3240.72,100
2683,11:23:33,$ 3240.72,100
2684,11:23:33,$ 3240.37,700
2685,11:23:06,$ 3239.40,100
2686,11:23:06,$ 3239.50,100
2687,11:22:58,$ 3240.60,100
2688,11:22:40,$ 3240.97,100
2689,11:22:35,$ 3241.35,100
2690,11:22:33,$ 3241.35,100
2691,11:22:31,$ 3240.85,100
2692,11:22:05,$ 3240.865,100
2694,11:21:49,$ 3241.03,100
2695,11:21:33,$ 3241.00,100
2696,11:21:31,$ 3241.345,100
2697,11:21:29,$ 3241.132,100
2698,11:21:29,$ 3241.146,100
2699,11:21:29,$ 3241.142,100
2700,11:21:29,$ 3241.01,100
2701,11:21:29,$ 3241.05,100
2702,11:21:10,$ 3240.24,100
2703,11:21:10,$ 3240.39,100
2704,11:21:10,$ 3240.47,100
2705,11:20:52,$ 3240.64,100
2706,11:20:12,$ 3242.00,165
2707,11:20:12,$ 3242.04,100
2708,11:19:46,$ 3243.49,100
2709,11:19:46,$ 3243.49,100
2710,11:19:38,$ 3242.96,100
2711,11:19:20,$ 3242.06,100
2712,11:19:11,$ 3242.71,"1,347"
2713,11:19:11,$ 3242.71,125
2715,11:19:11,$ 3242.70,100
2716,11:19:11,$ 3242.66,100
2717,11:19:11,$ 3242.71,325
2718,11:19:11,$ 3242.71,100
2719,11:19:11,$ 3242.69,100
2720,11:19:11,$ 3242.70,100
2721,11:19:11,$ 3241.83,100
2722,11:18:55,$ 3241.99,100
2723,11:18:47,$ 3241.02,100
2724,11:18:08,$ 3241.19,100
2725,11:17:11,$ 3241.43,155
2726,11:16:15,$ 3240.3901,100
2727,11:16:08,$ 3240.91,100
2728,11:16:00,$ 3241.22,100
2729,11:15:48,$ 3240.22,100
2730,11:15:31,$ 3239.565,100
2731,11:15:27,$ 3239.86,100
2732,11:15:21,$ 3240.00,400
2733,11:15:21,$ 3240.00,100
2734,11:15:21,$ 3240.00,100
2736,11:15:19,$ 3240.505,100
2737,11:15:18,$ 3241.24,100
2738,11:15:18,$ 3241.19,100
2739,11:15:18,$ 3241.28,100
2740,11:15:18,$ 3241.25,100
2741,11:15:17,$ 3241.72,100
2742,11:15:16,$ 3241.60,100
2743,11:14:56,$ 3241.60,133
2744,11:14:52,$ 3241.73,100
2745,11:14:52,$ 3241.53,100
2746,11:14:41,$ 3241.47,100
2747,11:14:41,$ 3241.39,100
2748,11:14:40,$ 3240.65,100
2749,11:14:36,$ 3240.78,100
2750,11:14:36,$ 3240.79,100
2751,11:14:31,$ 3241.035,200
2752,11:14:31,$ 3241.01,100
2753,11:14:31,$ 3241.00,100
2754,11:14:31,$ 3241.00,100
2755,11:14:31,$ 3241.00,111
2757,11:14:31,$ 3241.00,116
2758,11:14:31,$ 3241.00,100
2759,11:14:31,$ 3241.00,100
2760,11:14:31,$ 3241.00,116
2761,11:14:31,$ 3241.00,232
2762,11:14:31,$ 3241.00,160
2763,11:14:29,$ 3241.035,100
2764,11:14:23,$ 3241.05,100
2765,11:14:23,$ 3241.31,100
2766,11:14:06,$ 3241.34,100
2767,11:14:01,$ 3241.35,100
2768,11:13:59,$ 3241.70,100
2769,11:13:59,$ 3241.70,100
2770,11:13:58,$ 3241.85,100
2771,11:13:51,$ 3241.61,100
2772,11:13:45,$ 3240.6303,"1,908"
2773,11:13:37,$ 3240.62,100
2774,11:13:30,$ 3240.625,100
2775,11:13:23,$ 3240.709,100
2776,11:13:02,$ 3240.55,109
2778,11:12:43,$ 3240.33,100
2779,11:12:41,$ 3239.682,100
2780,11:12:32,$ 3238.335,100
2781,11:12:20,$ 3238.87,100
2782,11:12:00,$ 3239.96,100
2783,11:11:51,$ 3238.835,100
2784,11:11:45,$ 3238.53,100
2785,11:11:43,$ 3239.255,100
2786,11:11:00,$ 3238.60,100
2787,11:10:59,$ 3239.02,100
2788,11:10:59,$ 3239.02,100
2789,11:10:42,$ 3239.295,100
2790,11:10:40,$ 3239.56,100
2791,11:10:32,$ 3239.64,200
2792,11:10:32,$ 3239.075,100
2793,11:10:32,$ 3239.20,100
2794,11:10:26,$ 3239.2477,122
2795,11:10:26,$ 3239.2477,707
2796,11:10:26,$ 3239.33,100
2797,11:10:26,$ 3239.32,100
2799,11:10:26,$ 3239.33,100
2800,11:10:26,$ 3239.15,100
2801,11:10:26,$ 3239.17,100
2802,11:10:26,$ 3239.15,100
2803,11:10:26,$ 3239.15,100
2804,11:10:26,$ 3239.50,100
2805,11:10:26,$ 3239.25,100
2806,11:10:26,$ 3239.40,100
2807,11:10:26,$ 3239.40,100
2808,11:10:26,$ 3239.42,100
2809,11:10:26,$ 3239.57,100
2810,11:10:26,$ 3239.58,100
2811,11:10:26,$ 3239.58,100
2812,11:10:02,$ 3239.9235,100
2813,11:10:02,$ 3239.9799,100
2814,11:10:02,$ 3239.50,100
2815,11:10:02,$ 3239.45,100
2816,11:09:57,$ 3239.2502,100
2817,11:09:25,$ 3237.5682,200
2818,11:09:04,$ 3238.5494,250
2820,11:09:02,$ 3238.48,100
2821,11:09:01,$ 3238.61,100
2822,11:08:37,$ 3237.04,100
2823,11:08:36,$ 3237.33,100
2824,11:08:36,$ 3237.33,100
2825,11:08:22,$ 3237.1175,100
2826,11:08:10,$ 3237.33,100
2827,11:08:09,$ 3236.755,100
2828,11:08:07,$ 3236.78,100
2829,11:08:04,$ 3237.40,100
2830,11:08:01,$ 3238.02,100
2831,11:07:46,$ 3238.445,100
2832,11:07:46,$ 3239.01,100
2833,11:07:44,$ 3239.15,100
2834,11:07:40,$ 3238.76,100
2835,11:07:40,$ 3238.90,100
2836,11:07:40,$ 3238.60,100
2837,11:07:27,$ 3237.27,100
2838,11:07:12,$ 3237.4799,100
2839,11:07:12,$ 3236.74,100
2841,11:07:08,$ 3237.67,100
2842,11:07:08,$ 3237.16,150
2843,11:07:08,$ 3236.43,100
2844,11:07:07,$ 3237.51,101
2845,11:07:05,$ 3237.19,100
2846,11:07:02,$ 3237.52,100
2847,11:06:53,$ 3238.13,100
2848,11:06:51,$ 3238.65,100
2849,11:06:51,$ 3239.01,100
2850,11:06:50,$ 3238.98,111
2851,11:06:50,$ 3238.98,287
2852,11:06:50,$ 3238.98,116
2853,11:06:50,$ 3238.98,237
2854,11:06:50,$ 3238.85,100
2855,11:06:46,$ 3238.72,100
2856,11:06:46,$ 3239.00,100
2857,11:06:38,$ 3237.885,100
2858,11:06:32,$ 3238.135,100
2859,11:06:32,$ 3238.19,100
2860,11:06:25,$ 3239.22,100
2862,11:06:15,$ 3239.50,100
2863,11:06:14,$ 3237.78,100
2864,11:06:14,$ 3238.78,100
2865,11:06:05,$ 3239.545,100
2866,11:06:01,$ 3239.71,100
2867,11:05:55,$ 3239.11,100
2868,11:05:52,$ 3239.03,177
2869,11:05:52,$ 3238.19,100
2870,11:05:51,$ 3238.38,180
2871,11:05:50,$ 3237.95,100
2872,11:05:49,$ 3238.45,100
2873,11:05:49,$ 3238.60,201
2874,11:05:49,$ 3238.60,100
2875,11:05:37,$ 3238.43,140
2876,11:05:37,$ 3239.1347,117
2877,11:05:36,$ 3239.013,"1,000"
2878,11:05:35,$ 3238.86,380
2879,11:05:34,$ 3239.21,100
2880,11:05:34,$ 3239.18,100
2881,11:05:34,$ 3239.21,100
2883,11:05:34,$ 3239.19,250
2884,11:05:34,$ 3239.21,100
2885,11:05:34,$ 3239.21,100
2886,11:05:34,$ 3240.00,100
2887,11:05:31,$ 3240.51,100
2888,11:05:30,$ 3241.8199,100
2889,11:05:16,$ 3241.02,100
2890,11:05:16,$ 3241.135,100
2891,11:05:13,$ 3241.11,100
2892,11:05:05,$ 3241.51,100
2893,11:05:05,$ 3241.51,100
2894,11:04:57,$ 3240.87,100
2895,11:04:56,$ 3240.46,100
2896,11:04:55,$ 3240.05,100
2897,11:04:47,$ 3240.1421,100
2898,11:04:44,$ 3240.05,100
2899,11:04:41,$ 3240.535,100
2900,11:04:40,$ 3240.535,100
2901,11:04:39,$ 3240.13,100
2902,11:04:36,$ 3240.27,100
2904,11:04:31,$ 3240.85,100
2905,11:04:30,$ 3240.4227,300
2906,11:04:30,$ 3240.4023,585
2907,11:04:30,$ 3241.11,100
2908,11:04:30,$ 3241.09,293
2909,11:04:00,$ 3242.9999,100
2910,11:03:59,$ 3242.4914,100
2911,11:03:55,$ 3242.45,100
2912,11:03:55,$ 3242.45,172
2913,11:03:53,$ 3243.01,100
2914,11:03:49,$ 3242.4064,100
2915,11:03:43,$ 3242.045,100
2916,11:03:36,$ 3242.90,100
2917,11:03:34,$ 3242.48,100
2918,11:03:30,$ 3242.95,100
2919,11:03:15,$ 3243.51,100
2920,11:03:15,$ 3244.32,106
2921,11:03:15,$ 3244.37,100
2922,11:02:58,$ 3244.05,100
2923,11:02:58,$ 3243.95,100
2925,11:02:48,$ 3244.01,380
2926,11:02:44,$ 3243.80,100
2927,11:02:42,$ 3244.33,100
2928,11:02:19,$ 3244.63,100
2929,11:02:19,$ 3244.30,100
2930,11:02:15,$ 3244.21,100
2931,11:02:07,$ 3245.265,100
2932,11:01:58,$ 3244.93,100
2933,11:01:58,$ 3245.5275,100
2934,11:01:57,$ 3245.54,400
2935,11:01:49,$ 3245.84,100
2936,11:01:49,$ 3245.26,100
2937,11:01:49,$ 3245.47,500
2938,11:01:45,$ 3245.84,100
2939,11:01:40,$ 3246.00,400
2940,11:01:40,$ 3245.89,100
2941,11:01:39,$ 3245.48,100
2942,11:01:39,$ 3245.49,100
2943,11:01:15,$ 3245.51,100
2944,11:01:15,$ 3245.36,100
2946,11:01:15,$ 3245.37,100
2947,11:01:07,$ 3244.425,100
2948,11:00:58,$ 3244.945,100
2949,11:00:57,$ 3245.01,100
2950,11:00:57,$ 3245.01,280
2951,11:00:55,$ 3244.865,100
2952,11:00:50,$ 3244.9475,100
2953,11:00:50,$ 3245.35,100
2954,11:00:46,$ 3245.35,100
2955,11:00:36,$ 3245.30,100
2956,11:00:29,$ 3245.6833,101
2957,11:00:14,$ 3244.60,100
2958,11:00:12,$ 3243.83,100
2960,11:59:48,$ 3247.56,100
2961,11:59:38,$ 3246.65,100
2962,11:59:38,$ 3247.29,100
2963,11:59:38,$ 3247.28,100
2964,11:59:38,$ 3247.26,509
2965,11:59:38,$ 3247.26,866
2966,11:59:38,$ 3247.26,"1,545"
2967,11:59:38,$ 3247.26,100
2968,11:59:38,$ 3247.26,100
2969,11:59:37,$ 3247.75,100
2970,11:59:37,$ 3247.96,100
2971,11:59:13,$ 3248.19,100
2972,11:59:09,$ 3249.09,100
2973,11:58:56,$ 3248.09,130
2974,11:58:35,$ 3247.97,100
2975,11:58:22,$ 3249.50,100
2976,11:58:12,$ 3249.36,100
2977,11:58:12,$ 3249.25,100
2978,11:58:11,$ 3248.85,100
2979,11:58:03,$ 3248.89,100
2981,11:57:53,$ 3248.81,100
2982,11:57:53,$ 3248.81,100
2983,11:57:53,$ 3248.81,100
2984,11:57:42,$ 3248.67,110
2985,11:57:41,$ 3248.5439,100
2986,11:57:39,$ 3248.05,100
2987,11:57:02,$ 3249.005,100
2988,11:56:37,$ 3250.87,100
2989,11:56:30,$ 3249.605,100
2990,11:56:26,$ 3249.66,100
2991,11:56:26,$ 3249.68,100
2992,11:56:22,$ 3250.33,100
2993,11:56:12,$ 3251.09,100
2994,11:56:11,$ 3250.482,100
2995,11:56:08,$ 3251.27,100
2996,11:56:07,$ 3250.525,100
2997,11:56:07,$ 3250.56,100
2998,11:56:06,$ 3250.5275,100
2999,11:56:05,$ 3250.20,100
3000,11:56:05,$ 3250.20,100
3002,11:56:05,$ 3249.89,100
3003,11:56:05,$ 3249.94,100
3004,11:56:00,$ 3249.26,100
3005,11:55:55,$ 3249.09,100
3006,11:55:50,$ 3249.105,100
3007,11:55:50,$ 3249.62,100
3008,11:55:46,$ 3249.62,100
3009,11:55:35,$ 3249.49,100
3010,11:55:14,$ 3249.545,100
3011,11:55:10,$ 3250.2949,150
3012,11:55:08,$ 3249.245,100
3013,11:55:08,$ 3249.48,100
3014,11:55:07,$ 3249.00,100
3015,11:55:02,$ 3249.44,100
3016,11:55:02,$ 3249.47,100
3017,11:55:02,$ 3249.22,100
3018,11:54:57,$ 3248.48,100
3019,11:54:57,$ 3248.47,100
3020,11:54:56,$ 3248.50,100
3021,11:54:56,$ 3249.035,100
3023,11:54:54,$ 3249.025,300
3024,11:54:54,$ 3248.53,100
3025,11:54:53,$ 3249.06,100
3026,11:54:45,$ 3248.65,"1,000"
3027,11:54:43,$ 3249.18,100
3028,11:54:43,$ 3249.18,100
3029,11:54:43,$ 3249.45,100
3030,11:54:42,$ 3249.18,100
3031,11:54:42,$ 3249.20,100
3032,11:54:42,$ 3249.20,100
3033,11:54:32,$ 3250.09,100
3034,11:54:23,$ 3250.23,100
3035,11:54:23,$ 3250.34,100
3036,11:54:15,$ 3250.47,126
3037,11:54:00,$ 3251.53,100
3038,11:53:48,$ 3250.74,100
3039,11:53:48,$ 3250.75,100
3040,11:53:32,$ 3249.82,100
3041,11:53:26,$ 3249.885,100
3042,11:53:20,$ 3250.00,100
3044,11:53:15,$ 3250.2417,269
3045,11:53:12,$ 3250.00,"1,300"
3046,11:53:10,$ 3250.50,100
3047,11:53:10,$ 3250.50,100
3048,11:53:09,$ 3250.51,100
3049,11:53:09,$ 3250.50,100
3050,11:53:09,$ 3250.50,100
3051,11:53:08,$ 3250.50,100
3052,11:52:44,$ 3251.06,100
3053,11:52:37,$ 3251.00,400
3054,11:52:37,$ 3251.00,100
3055,11:52:31,$ 3251.74,100
3056,11:52:31,$ 3251.74,100
3057,11:52:31,$ 3251.74,100
3058,11:52:31,$ 3251.78,100
3059,11:52:31,$ 3251.79,100
3060,11:52:14,$ 3251.045,100
3061,11:52:10,$ 3251.8316,119
3062,11:52:04,$ 3251.885,100
3063,11:51:53,$ 3251.63,100
3065,11:51:49,$ 3252.13,100
3066,11:51:45,$ 3252.415,100
3067,11:51:44,$ 3253.05,100
3068,11:51:43,$ 3252.36,100
3069,11:51:42,$ 3252.44,100
3070,11:51:41,$ 3252.89,100
3071,11:51:41,$ 3252.61,100
3072,11:51:36,$ 3253.14,100
3073,11:51:36,$ 3253.50,100
3074,11:51:17,$ 3253.2243,100
3075,11:50:50,$ 3253.30,100
3076,11:50:50,$ 3253.50,100
3077,11:50:31,$ 3254.00,100
3078,11:50:30,$ 3253.875,100
3079,11:50:30,$ 3254.00,100
3080,11:50:30,$ 3254.00,100
3081,11:50:30,$ 3253.91,100
3082,11:50:30,$ 3253.76,100
3083,11:50:30,$ 3253.85,100
3084,11:50:24,$ 3253.79,200
3086,11:50:24,$ 3253.78,100
3087,11:50:16,$ 3253.24,100
3088,11:50:16,$ 3253.24,100
3089,11:49:58,$ 3252.8616,100
3090,11:49:53,$ 3252.3163,100
3091,11:49:50,$ 3252.275,100
3092,11:49:33,$ 3253.04,100
3093,11:49:14,$ 3253.05,100
3094,11:49:05,$ 3253.99,100
3095,11:48:59,$ 3253.95,100
3096,11:48:59,$ 3253.60,100
3097,11:48:51,$ 3252.66,100
3098,11:48:47,$ 3252.58,100
3099,11:48:46,$ 3252.40,100
3100,11:48:44,$ 3252.42,100
3101,11:48:38,$ 3252.07,100
3102,11:48:27,$ 3252.045,130
3103,11:48:18,$ 3252.00,300
3104,11:47:40,$ 3251.58,100
3105,11:47:40,$ 3251.55,100
3107,11:47:25,$ 3251.1497,100
3108,11:47:08,$ 3251.06,100
3109,11:47:03,$ 3251.8616,100
3110,11:46:56,$ 3251.15,100
3111,11:46:47,$ 3251.20,100
3112,11:46:47,$ 3251.20,190
3113,11:46:47,$ 3250.99,100
3114,11:46:47,$ 3250.39,318
3115,11:46:47,$ 3250.795,172
3116,11:46:42,$ 3250.78,100
3117,11:46:40,$ 3251.00,100
3118,11:46:38,$ 3250.985,100
3119,11:46:33,$ 3250.735,100
3120,11:46:15,$ 3250.698,500
3121,11:46:09,$ 3251.20,100
3122,11:45:52,$ 3250.10,100
3123,11:45:47,$ 3250.4326,132
3124,11:45:42,$ 3250.19,100
3125,11:45:42,$ 3250.00,100
3126,11:45:38,$ 3250.73,100
3128,11:45:24,$ 3251.45,200
3129,11:45:08,$ 3249.745,100
3130,11:45:02,$ 3249.80,100
3131,11:45:01,$ 3249.4901,200
3132,11:45:00,$ 3250.00,100
3133,11:45:00,$ 3250.00,100
3134,11:45:00,$ 3250.10,100
3135,11:44:56,$ 3250.775,100
3136,11:44:56,$ 3250.985,100
3137,11:44:56,$ 3250.985,100
3138,11:44:35,$ 3251.045,100
3139,11:44:35,$ 3251.4618,100
3140,11:44:34,$ 3251.28,100
3141,11:44:26,$ 3251.00,100
3142,11:44:26,$ 3251.00,"1,300"
3143,11:44:26,$ 3251.00,100
3144,11:44:20,$ 3250.28,100
3145,11:44:19,$ 3250.37,100
3146,11:44:17,$ 3250.37,100
3147,11:44:10,$ 3250.155,100
3149,11:44:03,$ 3250.13,100
3150,11:43:53,$ 3250.12,100
3151,11:43:50,$ 3250.72,100
3152,11:43:39,$ 3250.6385,100
3153,11:43:33,$ 3249.99,100
3154,11:43:33,$ 3249.13,100
3155,11:43:22,$ 3249.125,100
3156,11:43:16,$ 3248.57,100
3157,11:43:15,$ 3249.58,100
3158,11:43:10,$ 3250.00,100
3159,11:43:10,$ 3250.00,100
3160,11:43:10,$ 3249.79,100
3161,11:43:10,$ 3249.87,100
3162,11:43:09,$ 3249.92,100
3163,11:43:09,$ 3249.92,100
3164,11:43:09,$ 3249.92,103
3165,11:43:09,$ 3249.88,100
3166,11:43:09,$ 3249.515,100
3167,11:42:56,$ 3249.11,100
3168,11:42:46,$ 3249.75,100
3170,11:42:44,$ 3249.955,100
3171,11:42:44,$ 3249.96,100
3172,11:42:44,$ 3249.955,100
3173,11:42:43,$ 3249.89,100
3174,11:42:43,$ 3249.61,100
3175,11:42:43,$ 3250.00,100
3176,11:42:38,$ 3250.00,123
3177,11:42:38,$ 3250.00,100
3178,11:42:38,$ 3250.00,100
3179,11:42:38,$ 3250.00,100
3180,11:42:38,$ 3250.00,100
3181,11:42:38,$ 3250.00,100
3182,11:42:38,$ 3250.00,100
3183,11:42:32,$ 3250.00,100
3184,11:42:22,$ 3250.00,130
3185,11:42:16,$ 3250.09,100
3186,11:42:09,$ 3250.00,111
3187,11:42:09,$ 3249.45,100
3188,11:42:08,$ 3250.00,100
3189,11:41:59,$ 3248.57,100
3191,11:41:55,$ 3249.00,100
3192,11:41:46,$ 3249.21,100
3193,11:41:42,$ 3247.57,100
3194,11:41:35,$ 3247.655,100
3195,11:41:33,$ 3249.32,100
3196,11:41:31,$ 3247.82,100
3197,11:41:26,$ 3248.205,100
3198,11:41:17,$ 3248.595,100
3199,11:41:07,$ 3248.02,100
3200,11:41:03,$ 3248.62,100
3201,11:41:03,$ 3248.46,100
3202,11:40:58,$ 3248.76,100
3203,11:40:52,$ 3248.17,458
3204,11:40:51,$ 3250.00,100
3205,11:40:46,$ 3248.17,100
3206,11:40:43,$ 3248.91,100
3207,11:40:42,$ 3248.7831,107
3208,11:40:36,$ 3247.70,100
3209,11:40:36,$ 3247.90,100
3210,11:40:36,$ 3247.90,100
3212,11:40:34,$ 3247.36,100
3213,11:40:24,$ 3246.72,100
3214,11:40:23,$ 3246.7525,100
3215,11:40:23,$ 3246.7875,100
3216,11:40:23,$ 3246.705,100
3217,11:40:14,$ 3246.465,100
3218,11:40:10,$ 3246.44,100
3219,11:40:10,$ 3246.85,100
3220,11:39:57,$ 3245.935,100
3221,11:39:41,$ 3245.9525,300
3222,11:39:41,$ 3245.955,500
3223,11:39:41,$ 3245.9525,100
3224,11:39:41,$ 3245.91,100
3225,11:39:41,$ 3245.9575,100
3226,11:39:41,$ 3245.955,400
3227,11:39:41,$ 3245.955,400
3228,11:39:13,$ 3245.82,100
3229,11:38:52,$ 3245.60,100
3230,11:38:46,$ 3245.48,100
3231,11:38:17,$ 3245.3651,100
3233,11:38:14,$ 3244.3196,100
3234,11:38:12,$ 3244.955,100
3235,11:37:53,$ 3244.24,100
3236,11:37:50,$ 3245.2475,100
3237,11:37:14,$ 3244.77,100
3238,11:36:40,$ 3246.02,100
3239,11:36:40,$ 3246.02,100
3240,11:36:34,$ 3246.00,100
3241,11:36:28,$ 3245.27,100
3242,11:36:28,$ 3245.11,105
3243,11:36:05,$ 3246.42,100
3244,11:36:04,$ 3245.16,100
3245,11:35:58,$ 3245.77,100
3246,11:35:58,$ 3245.77,100
3247,11:35:58,$ 3245.77,100
3248,11:35:56,$ 3246.00,100
3249,11:35:53,$ 3246.37,100
3250,11:35:53,$ 3246.30,100
3251,11:35:50,$ 3247.00,100
3252,11:35:50,$ 3246.81,100
3254,11:35:50,$ 3247.00,100
3255,11:35:50,$ 3246.48,100
3256,11:35:29,$ 3246.95,100
3257,11:35:29,$ 3246.96,100
3258,11:35:28,$ 3246.49,100
3259,11:35:26,$ 3245.80,100
3260,11:35:20,$ 3246.4338,100
3261,11:35:10,$ 3246.00,111
3262,11:35:10,$ 3246.00,148
3263,11:35:00,$ 3244.87,100
3264,11:34:55,$ 3243.95,100
3265,11:34:41,$ 3243.73,100
3266,11:34:03,$ 3243.99,100
3267,11:33:23,$ 3244.3043,107
3268,11:33:07,$ 3243.71,100
3269,11:33:03,$ 3243.10,100
3270,11:32:46,$ 3243.51,100
3271,11:32:46,$ 3243.67,100
3272,11:32:33,$ 3244.52,100
3273,11:32:33,$ 3244.45,100
3275,11:32:14,$ 3245.21,100
3276,11:32:14,$ 3245.19,100
3277,11:32:13,$ 3243.22,291
3278,11:32:08,$ 3245.2099,100
3279,11:32:00,$ 3244.21,100
3280,11:32:00,$ 3245.11,100
3281,11:31:59,$ 3244.21,100
3282,11:31:50,$ 3243.805,100
3283,11:31:43,$ 3244.32,100
3284,11:31:25,$ 3244.81,100
3285,11:31:18,$ 3245.5559,100
3286,11:31:18,$ 3244.8994,150
3287,11:31:11,$ 3245.21,160
3289,12:29:56,$ 3241.245,300
3290,12:29:56,$ 3242.00,200
3291,12:29:44,$ 3240.26,100
3292,12:29:30,$ 3241.95,100
3293,12:29:20,$ 3241.8463,343
3294,12:29:20,$ 3241.51,100
3295,12:29:09,$ 3241.27,100
3296,12:28:56,$ 3240.4903,100
3297,12:27:48,$ 3241.43,100
3298,12:27:18,$ 3242.40,100
3299,12:26:24,$ 3242.735,100
3300,12:26:23,$ 3243.87,100
3301,12:26:23,$ 3243.96,100
3302,12:26:23,$ 3243.67,300
3303,12:26:23,$ 3243.95,100
3304,12:26:23,$ 3243.95,100
3305,12:26:23,$ 3243.95,100
3306,12:23:22,$ 3239.57,200
3307,12:23:15,$ 3239.525,100
3308,12:23:14,$ 3239.98,100
3310,12:23:03,$ 3239.53,100
3311,12:23:03,$ 3239.53,100
3312,12:23:03,$ 3239.53,100
3313,12:23:03,$ 3239.83,345
3314,12:23:03,$ 3239.53,100
3315,12:23:03,$ 3239.82,100
3316,12:23:03,$ 3239.85,100
3317,12:23:03,$ 3239.82,100
3318,12:23:03,$ 3239.82,100
3319,12:22:56,$ 3240.59,100
3320,12:22:56,$ 3240.58,100
3321,12:22:36,$ 3241.08,100
3322,12:21:54,$ 3241.00,100
3323,12:21:42,$ 3241.87,100
3324,12:21:29,$ 3241.5195,100
3325,12:20:43,$ 3241.68,195
3326,12:20:26,$ 3241.67,100
3327,12:20:04,$ 3242.18,100
3328,12:19:49,$ 3241.29,100
3329,12:19:37,$ 3241.63,100
3331,12:19:35,$ 3242.27,100
3332,12:19:33,$ 3242.98,100
3333,12:19:26,$ 3242.7604,400
3334,12:19:26,$ 3242.82,100
3335,12:19:26,$ 3242.93,100
3336,12:19:26,$ 3242.89,100
3337,12:19:18,$ 3243.93,116
3338,12:19:18,$ 3243.43,100
3339,12:19:06,$ 3244.41,100
3340,12:19:06,$ 3244.46,100
3341,12:18:18,$ 3244.00,100
3342,12:16:47,$ 3242.59,100
3343,12:16:34,$ 3243.37,300
3344,12:16:31,$ 3243.37,100
3345,12:16:06,$ 3242.3441,140
3346,12:15:51,$ 3242.00,100
3347,12:15:50,$ 3242.17,113
3348,12:15:50,$ 3242.01,100
3349,12:15:50,$ 3242.00,512
3350,12:15:50,$ 3242.00,100
3352,12:15:50,$ 3242.00,100
3353,12:15:50,$ 3242.00,100
3354,12:15:49,$ 3241.34,100
3355,12:15:45,$ 3242.075,200
3356,12:15:45,$ 3242.44,300
3357,12:15:30,$ 3241.41,103
3358,12:15:30,$ 3240.5402,308
3359,12:15:08,$ 3240.34,100
3360,12:14:57,$ 3239.9375,100
3361,12:14:53,$ 3240.9402,200
3362,12:14:53,$ 3238.965,100
3363,12:14:53,$ 3238.965,100
3364,12:14:36,$ 3239.00,100
3365,12:14:32,$ 3240.59,138
3366,12:13:33,$ 3239.38,100
3367,12:13:33,$ 3239.37,116
3368,12:13:24,$ 3240.64,100
3369,12:13:19,$ 3239.91,100
3370,12:13:18,$ 3239.36,100
3371,12:13:12,$ 3239.745,100
3373,12:13:09,$ 3239.64,100
3374,12:13:07,$ 3239.44,100
3375,12:13:02,$ 3239.81,400
3376,12:12:56,$ 3240.11,100
3377,12:12:08,$ 3240.68,100
3378,12:11:59,$ 3240.05,100
3379,12:11:34,$ 3240.58,100
3380,12:10:49,$ 3240.015,100
3381,12:10:40,$ 3239.85,100
3382,12:10:31,$ 3240.72,100
3383,12:10:20,$ 3240.00,100
3384,12:10:20,$ 3240.00,100
3385,12:10:05,$ 3240.34,100
3386,12:10:05,$ 3240.43,100
3387,12:09:37,$ 3241.47,100
3388,12:09:34,$ 3241.47,100
3389,12:09:28,$ 3241.00,100
3390,12:09:23,$ 3241.00,390
3391,12:08:48,$ 3241.67,100
3392,12:08:40,$ 3242.4208,100
3394,12:08:17,$ 3241.50,100
3395,12:08:17,$ 3241.68,100
3396,12:08:17,$ 3241.69,100
3397,12:08:17,$ 3241.84,100
3398,12:08:15,$ 3242.695,100
3399,12:08:08,$ 3242.47,100
3400,12:08:04,$ 3243.42,100
3401,12:07:52,$ 3242.70,100
3402,12:07:50,$ 3242.65,100
3403,12:07:45,$ 3241.5001,200
3404,12:07:42,$ 3241.84,300
3405,12:07:42,$ 3241.84,300
3406,12:07:42,$ 3241.94,100
3407,12:07:42,$ 3242.79,300
3408,12:07:42,$ 3242.69,100
3409,12:07:33,$ 3243.8241,200
3410,12:07:14,$ 3241.77,100
3411,12:07:02,$ 3241.845,120
3412,12:06:48,$ 3242.12,100
3413,12:06:48,$ 3242.10,100
3415,12:06:45,$ 3243.0563,100
3416,12:06:38,$ 3242.795,100
3417,12:06:34,$ 3242.19,100
3418,12:06:34,$ 3242.11,100
3419,12:06:27,$ 3242.5372,200
3420,12:06:14,$ 3243.03,100
3421,12:06:05,$ 3243.01,200
3422,12:06:00,$ 3242.50,110
3423,12:05:31,$ 3243.22,100
3424,12:05:22,$ 3242.00,100
3425,12:05:22,$ 3242.43,100
3426,12:05:13,$ 3243.52,100
3427,12:05:07,$ 3244.5473,100
3428,12:04:22,$ 3243.7399,200
3429,12:04:10,$ 3244.0025,100
3430,12:03:56,$ 3244.68,200
3431,12:03:47,$ 3244.0225,100
3432,12:03:33,$ 3244.76,100
3433,12:02:41,$ 3243.46,100
3434,12:02:40,$ 3243.46,100
3436,12:02:06,$ 3243.61,100
3437,12:01:53,$ 3244.55,100
3438,12:01:38,$ 3245.40,100
3439,12:01:23,$ 3245.23,100
3440,12:01:22,$ 3245.57,100
3441,12:01:15,$ 3246.035,100
3442,12:01:15,$ 3245.3201,100
3443,12:01:15,$ 3245.3201,100
3444,12:01:15,$ 3245.3201,100
3445,12:01:15,$ 3246.035,100
3446,12:01:15,$ 3246.06,100
3447,12:01:03,$ 3247.2036,100
3448,12:00:52,$ 3247.13,100
3449,12:00:51,$ 3247.00,100
3450,12:00:42,$ 3246.275,100
3451,12:00:38,$ 3246.34,100
3452,12:00:10,$ 3247.655,100
3454,12:59:38,$ 3242.95,100
3455,12:59:33,$ 3242.265,100
3456,12:58:45,$ 3241.69,100
3457,12:58:04,$ 3240.455,100
3458,12:57:02,$ 3238.5801,300
3459,12:57:01,$ 3240.17,200
3460,12:56:30,$ 3238.821,100
3461,12:56:25,$ 3240.02,100
3462,12:56:11,$ 3240.07,100
3463,12:55:25,$ 3239.03,100
3464,12:55:21,$ 3239.51,100
3465,12:55:10,$ 3239.05,120
3466,12:55:09,$ 3239.61,100
3467,12:55:01,$ 3240.45,100
3468,12:55:01,$ 3240.30,100
3469,12:55:01,$ 3240.46,100
3470,12:54:47,$ 3241.02,200
3471,12:52:44,$ 3240.875,100
3472,12:52:39,$ 3241.14,100
3473,12:51:57,$ 3242.24,100
3475,12:51:34,$ 3241.371,100
3476,12:51:34,$ 3241.65,300
3477,12:51:34,$ 3241.2638,100
3478,12:51:34,$ 3241.32,300
3479,12:51:34,$ 3241.67,100
3480,12:51:18,$ 3241.63,100
3481,12:51:18,$ 3241.63,100
3482,12:51:15,$ 3241.63,100
3483,12:51:13,$ 3241.64,100
3484,12:51:06,$ 3243.265,100
3485,12:50:52,$ 3242.95,100
3486,12:50:31,$ 3241.77,200
3487,12:50:03,$ 3241.40,100
3488,12:50:03,$ 3241.42,100
3489,12:50:03,$ 3241.37,100
3490,12:49:21,$ 3242.5295,100
3491,12:49:20,$ 3242.05,100
3492,12:49:14,$ 3242.53,100
3493,12:49:13,$ 3242.53,100
3494,12:49:13,$ 3242.74,100
3496,12:49:04,$ 3243.525,100
3497,12:48:42,$ 3244.2325,100
3498,12:48:34,$ 3244.05,100
3499,12:48:33,$ 3243.99,139
3500,12:48:33,$ 3244.00,100
3501,12:48:27,$ 3243.69,100
3502,12:47:44,$ 3242.705,150
3503,12:47:09,$ 3242.35,105
3504,12:47:01,$ 3242.49,100
3505,12:46:38,$ 3242.22,100
3506,12:45:51,$ 3242.19,200
3507,12:45:14,$ 3241.81,100
3508,12:45:14,$ 3241.675,100
3509,12:44:47,$ 3239.94,100
3510,12:44:10,$ 3241.00,100
3511,12:43:56,$ 3239.99,100
3512,12:43:11,$ 3241.92,100
3513,12:43:08,$ 3240.47,100
3514,12:42:21,$ 3240.72,100
3515,12:42:21,$ 3240.318,200
3517,12:42:21,$ 3240.46,112
3518,12:42:21,$ 3240.46,100
3519,12:42:21,$ 3240.46,100
3520,12:42:21,$ 3240.37,100
3521,12:42:21,$ 3240.37,100
3522,12:42:21,$ 3240.37,100
3523,12:42:02,$ 3240.49,100
3524,12:41:32,$ 3239.96,100
3525,12:41:32,$ 3239.96,100
3526,12:41:32,$ 3239.79,100
3527,12:41:32,$ 3239.32,100
3528,12:41:23,$ 3239.04,100
3529,12:41:15,$ 3239.09,200
3530,12:41:15,$ 3239.315,150
3531,12:40:57,$ 3240.165,100
3532,12:40:57,$ 3240.20,100
3533,12:40:37,$ 3239.00,100
3534,12:40:36,$ 3239.12,100
3535,12:40:27,$ 3239.015,100
3536,12:40:26,$ 3239.4059,100
3538,12:40:12,$ 3237.47,100
3539,12:39:58,$ 3237.84,100
3540,12:39:57,$ 3238.825,100
3541,12:39:45,$ 3239.38,100
3542,12:39:35,$ 3239.66,100
3543,12:38:43,$ 3236.75,100
3544,12:38:43,$ 3236.75,111
3545,12:38:43,$ 3236.75,111
3546,12:38:43,$ 3236.75,112
3547,12:38:43,$ 3236.74,100
3548,12:38:43,$ 3236.64,100
3549,12:38:38,$ 3236.75,132
3550,12:38:32,$ 3236.18,100
3551,12:38:21,$ 3237.0472,100
3552,12:38:09,$ 3237.09,100
3553,12:37:58,$ 3237.345,100
3554,12:37:58,$ 3237.61,230
3555,12:37:58,$ 3237.59,100
3556,12:37:49,$ 3238.00,100
3557,12:37:40,$ 3239.075,100
3559,12:37:13,$ 3239.215,100
3560,12:37:12,$ 3238.60,100
3561,12:37:12,$ 3238.58,100
3562,12:37:02,$ 3238.43,100
3563,12:36:56,$ 3238.7518,500
3564,12:36:47,$ 3238.01,100
3565,12:36:47,$ 3238.01,100
3566,12:36:39,$ 3238.00,100
3567,12:36:35,$ 3238.97,100
3568,12:36:25,$ 3239.00,100
3569,12:35:59,$ 3240.62,100
3570,12:35:53,$ 3241.28,100
3571,12:35:23,$ 3241.23,100
3572,12:35:23,$ 3241.27,100
3573,12:35:05,$ 3242.73,100
3574,12:35:00,$ 3242.21,100
3575,12:35:00,$ 3242.80,100
3576,12:35:00,$ 3242.05,100
3577,12:35:00,$ 3241.89,100
3578,12:35:00,$ 3241.70,124
3580,12:35:00,$ 3241.70,100
3581,12:35:00,$ 3241.70,100
3582,12:35:00,$ 3241.70,100
3583,12:35:00,$ 3241.70,116
3584,12:35:00,$ 3241.70,111
3585,12:35:00,$ 3242.07,100
3586,12:35:00,$ 3242.03,100
3587,12:35:00,$ 3242.09,100
3588,12:33:57,$ 3243.50,100
3589,12:33:57,$ 3243.40,100
3590,12:33:57,$ 3243.43,100
3591,12:32:38,$ 3243.09,128
3592,12:32:34,$ 3243.545,100
3593,12:32:22,$ 3243.41,190
3594,12:32:00,$ 3242.46,100
3595,12:32:00,$ 3242.46,100
3596,12:30:43,$ 3243.00,216
3598,13:29:41,$ 3249.27,100
3599,13:29:22,$ 3248.75,100
3600,13:29:08,$ 3248.50,100
3601,13:28:56,$ 3248.12,100
3602,13:28:45,$ 3247.0701,100
3603,13:28:44,$ 3248.48,100
3604,13:28:26,$ 3249.29,100
3605,13:28:20,$ 3248.15,145
3606,13:26:51,$ 3248.28,100
3607,13:26:48,$ 3248.70,100
3608,13:26:44,$ 3248.71,100
3609,13:26:44,$ 3247.945,100
3610,13:26:39,$ 3247.59,100
3611,13:26:26,$ 3247.82,100
3612,13:26:13,$ 3247.97,100
3613,13:26:10,$ 3248.10,100
3614,13:25:46,$ 3248.64,100
3615,13:25:32,$ 3248.46,100
3616,13:25:29,$ 3248.84,100
3617,13:25:00,$ 3248.54,100
3619,13:24:45,$ 3249.02,100
3620,13:24:45,$ 3247.97,100
3621,13:24:35,$ 3247.965,100
3622,13:24:29,$ 3248.30,100
3623,13:24:26,$ 3247.965,100
3624,13:24:23,$ 3247.59,100
3625,13:24:06,$ 3248.7283,100
3626,13:23:45,$ 3249.48,100
3627,13:23:43,$ 3250.195,100
3628,13:23:36,$ 3249.65,100
3629,13:23:36,$ 3250.175,100
3630,13:23:17,$ 3248.55,200
3631,13:23:08,$ 3248.56,230
3632,13:22:44,$ 3248.44,100
3633,13:22:42,$ 3248.085,100
3634,13:22:41,$ 3248.81,100
3635,13:22:33,$ 3247.96,100
3636,13:22:23,$ 3248.01,100
3637,13:22:06,$ 3250.1089,230
3638,13:22:05,$ 3249.11,100
3640,13:21:50,$ 3250.31,100
3641,13:21:49,$ 3250.27,100
3642,13:21:49,$ 3250.60,100
3643,13:21:49,$ 3250.60,100
3644,13:21:49,$ 3250.60,100
3645,13:21:49,$ 3250.61,100
3646,13:21:49,$ 3250.34,300
3647,13:21:49,$ 3250.57,100
3648,13:21:49,$ 3249.9605,200
3649,13:21:49,$ 3250.535,200
3650,13:21:49,$ 3250.20,100
3651,13:21:49,$ 3250.60,100
3652,13:21:49,$ 3250.45,100
3653,13:21:49,$ 3250.6162,300
3654,13:21:49,$ 3250.35,300
3655,13:21:49,$ 3250.27,100
3656,13:21:49,$ 3249.49,100
3657,13:21:43,$ 3249.28,100
3658,13:21:43,$ 3248.88,100
3659,13:21:43,$ 3249.065,100
3661,13:21:05,$ 3249.975,100
3662,13:21:02,$ 3249.975,253
3663,13:20:36,$ 3249.84,100
3664,13:20:31,$ 3249.59,100
3665,13:20:05,$ 3249.21,100
3666,13:20:05,$ 3249.21,163
3667,13:19:33,$ 3248.14,100
3668,13:19:04,$ 3249.69,100
3669,13:19:02,$ 3249.17,100
3670,13:18:56,$ 3249.07,100
3671,13:18:44,$ 3249.00,100
3672,13:18:23,$ 3247.93,100
3673,13:18:23,$ 3247.93,100
3674,13:18:23,$ 3247.93,100
3675,13:18:23,$ 3248.89,100
3676,13:18:14,$ 3248.88,400
3677,13:17:53,$ 3249.14,125
3678,13:17:46,$ 3248.95,100
3679,13:17:43,$ 3248.99,100
3680,13:17:34,$ 3249.49,100
3682,13:17:34,$ 3248.985,100
3683,13:17:34,$ 3248.945,100
3684,13:17:14,$ 3249.91,100
3685,13:17:00,$ 3249.2447,100
3686,13:16:01,$ 3251.005,100
3687,13:15:53,$ 3250.85,160
3688,13:15:49,$ 3251.2391,300
3689,13:15:30,$ 3251.00,100
3690,13:15:11,$ 3251.21,100
3691,13:14:46,$ 3250.545,100
3692,13:14:46,$ 3249.7812,100
3693,13:14:36,$ 3249.6813,100
3694,13:14:31,$ 3249.6092,250
3695,13:14:10,$ 3250.40,100
3696,13:13:50,$ 3250.68,100
3697,13:13:45,$ 3251.00,100
3698,13:13:45,$ 3250.6775,100
3699,13:13:39,$ 3250.295,100
3700,13:13:37,$ 3249.615,100
3701,13:13:37,$ 3250.90,100
3703,13:13:36,$ 3250.985,100
3704,13:13:31,$ 3250.98,100
3705,13:13:20,$ 3250.4509,100
3706,13:13:17,$ 3250.43,200
3707,13:13:08,$ 3250.625,100
3708,13:13:08,$ 3250.13,125
3709,13:13:07,$ 3249.90,300
3710,13:13:07,$ 3249.95,100
3711,13:13:07,$ 3249.9473,300
3712,13:13:07,$ 3249.94,100
3713,13:13:07,$ 3249.93,100
3714,13:13:02,$ 3250.67,100
3715,13:12:54,$ 3250.49,100
3716,13:12:53,$ 3249.3201,120
3717,13:12:39,$ 3249.9312,160
3718,13:12:29,$ 3249.67,100
3719,13:12:24,$ 3249.39,100
3720,13:12:20,$ 3249.995,150
3721,13:12:11,$ 3249.895,100
3722,13:12:10,$ 3249.46,100
3724,13:12:10,$ 3249.56,100
3725,13:12:10,$ 3249.61,100
3726,13:11:42,$ 3248.28,100
3727,13:11:29,$ 3248.865,300
3728,13:11:21,$ 3248.91,100
3729,13:10:55,$ 3248.26,100
3730,13:10:54,$ 3248.735,100
3731,13:10:51,$ 3248.3128,100
3732,13:10:22,$ 3249.12,100
3733,13:10:08,$ 3248.2542,100
3734,13:10:08,$ 3248.715,100
3735,13:10:08,$ 3248.2542,100
3736,13:10:08,$ 3248.715,100
3737,13:10:07,$ 3249.035,100
3738,13:10:07,$ 3248.82,100
3739,13:09:58,$ 3249.06,100
3740,13:09:56,$ 3249.21,100
3741,13:09:47,$ 3249.065,100
3742,13:09:46,$ 3249.10,100
3743,13:09:46,$ 3249.0375,100
3745,13:09:46,$ 3249.10,100
3746,13:09:44,$ 3249.322,100
3747,13:09:43,$ 3249.52,100
3748,13:09:38,$ 3248.32,100
3749,13:09:36,$ 3247.67,100
3750,13:09:36,$ 3247.57,100
3751,13:09:36,$ 3247.20,100
3752,13:09:35,$ 3247.245,100
3753,13:09:25,$ 3246.91,100
3754,13:09:25,$ 3246.91,184
3755,13:09:24,$ 3247.465,100
3756,13:09:17,$ 3247.565,100
3757,13:09:17,$ 3247.63,100
3758,13:09:17,$ 3247.49,100
3759,13:09:15,$ 3247.63,100
3760,13:09:15,$ 3247.512,100
3761,13:09:15,$ 3247.34,100
3762,13:09:15,$ 3247.36,100
3763,13:09:15,$ 3247.31,100
3764,13:09:15,$ 3247.31,200
3766,13:09:15,$ 3247.47,100
3767,13:09:15,$ 3247.36,100
3768,13:09:14,$ 3247.57,100
3769,13:09:10,$ 3249.222,100
3770,13:09:05,$ 3249.68,300
3771,13:09:02,$ 3249.3255,500
3772,13:09:01,$ 3249.745,100
3773,13:09:00,$ 3251.4199,100
3774,13:08:54,$ 3250.945,100
3775,13:08:53,$ 3250.36,100
3776,13:08:53,$ 3250.58,100
3777,13:08:53,$ 3250.26,100
3778,13:08:53,$ 3250.31,144
3779,13:08:53,$ 3250.14,100
3780,13:08:52,$ 3250.00,100
3781,13:08:52,$ 3250.00,100
3782,13:08:52,$ 3249.97,100
3783,13:08:52,$ 3249.98,100
3784,13:08:50,$ 3249.9899,200
3785,13:08:50,$ 3249.9899,300
3787,13:08:50,$ 3249.99,100
3788,13:08:50,$ 3249.9895,100
3789,13:08:49,$ 3249.0499,100
3790,13:08:48,$ 3249.06,100
3791,13:08:46,$ 3248.16,100
3792,13:08:41,$ 3249.9999,182
3793,13:08:39,$ 3247.79,121
3794,13:08:39,$ 3248.45,100
3795,13:08:39,$ 3249.65,100
3796,13:08:39,$ 3249.76,100
3797,13:08:39,$ 3247.76,100
3798,13:08:39,$ 3247.79,129
3799,13:08:39,$ 3247.19,100
3800,13:08:39,$ 3247.19,100
3801,13:08:39,$ 3246.49,100
3802,13:08:32,$ 3246.0084,750
3803,13:08:11,$ 3247.53,100
3804,13:08:02,$ 3246.666,186
3805,13:08:02,$ 3245.20,100
3806,13:08:02,$ 3245.18,100
3808,13:08:02,$ 3245.021,100
3809,13:08:02,$ 3245.50,100
3810,13:07:57,$ 3245.56,100
3811,13:07:57,$ 3245.54,100
3812,13:07:57,$ 3245.45,100
3813,13:07:57,$ 3245.6273,100
3814,13:07:57,$ 3245.42,300
3815,13:07:57,$ 3245.45,100
3816,13:07:37,$ 3245.16,156
3817,13:07:27,$ 3244.2403,107
3818,13:07:20,$ 3245.3499,100
3819,13:06:31,$ 3243.90,110
3820,13:06:30,$ 3244.534,308
3821,13:06:30,$ 3244.6254,258
