,NLS Time (ET),NLS Price,NLS Share Volume
1,09:59:58,$ 3420.05,100
2,09:59:54,$ 3421.11,100
3,09:59:48,$ 3419.42,100
4,09:59:48,$ 3421.39,100
5,09:59:42,$ 3420.84,100
6,09:59:40,$ 3420.71,300
7,09:59:39,$ 3420.65,200
8,09:59:39,$ 3421.80,100
9,09:59:39,$ 3421.56,100
10,09:59:37,$ 3421.965,500
11,09:59:37,$ 3422.80,100
12,09:59:37,$ 3422.80,100
13,09:59:36,$ 3422.80,100
14,09:59:36,$ 3422.53,100
15,09:59:36,$ 3422.41,100
16,09:59:36,$ 3422.40,110
17,09:59:36,$ 3422.40,100
18,09:59:36,$ 3422.22,100
19,09:59:34,$ 3422.8048,110
20,09:59:34,$ 3423.29,100
22,09:59:34,$ 3423.39,100
23,09:59:33,$ 3422.5172,100
24,09:59:33,$ 3422.885,500
25,09:59:31,$ 3423.64,100
26,09:59:25,$ 3422.21,500
27,09:59:21,$ 3423.64,100
28,09:59:21,$ 3423.615,100
29,09:59:20,$ 3425.40,200
30,09:59:20,$ 3424.71,100
31,09:59:20,$ 3424.71,100
32,09:59:16,$ 3425.645,100
33,09:59:16,$ 3425.645,100
34,09:59:15,$ 3425.645,100
35,09:59:14,$ 3424.87,100
36,09:59:14,$ 3425.12,100
37,09:59:11,$ 3425.625,200
38,09:59:11,$ 3425.755,100
39,09:59:11,$ 3425.755,100
40,09:59:11,$ 3425.755,100
41,09:59:11,$ 3425.755,100
43,09:59:11,$ 3425.755,100
44,09:59:11,$ 3425.755,200
45,09:59:09,$ 3425.99,200
46,09:59:09,$ 3425.99,100
47,09:59:08,$ 3425.72,100
48,09:59:08,$ 3425.72,100
49,09:59:03,$ 3425.37,100
50,09:58:59,$ 3424.15,100
51,09:58:58,$ 3425.01,100
52,09:58:57,$ 3424.46,100
53,09:58:57,$ 3424.46,100
54,09:58:57,$ 3424.46,100
55,09:58:57,$ 3424.46,100
56,09:58:57,$ 3424.46,100
57,09:58:57,$ 3424.46,100
58,09:58:57,$ 3424.46,100
59,09:58:55,$ 3424.46,138
60,09:58:53,$ 3424.46,100
61,09:58:52,$ 3423.92,168
62,09:58:52,$ 3423.92,200
64,09:58:50,$ 3424.95,100
65,09:58:48,$ 3424.78,100
66,09:58:47,$ 3423.795,100
67,09:58:47,$ 3424.78,100
68,09:58:47,$ 3424.78,100
69,09:58:46,$ 3424.755,100
70,09:58:46,$ 3424.755,100
71,09:58:42,$ 3424.765,100
72,09:58:42,$ 3424.765,100
73,09:58:42,$ 3424.765,100
74,09:58:42,$ 3425.61,100
75,09:58:42,$ 3424.755,100
76,09:58:42,$ 3424.755,100
77,09:58:42,$ 3425.02,100
78,09:58:42,$ 3423.86,100
79,09:58:42,$ 3426.49,103
80,09:58:42,$ 3426.49,103
81,09:58:42,$ 3426.49,103
82,09:58:42,$ 3426.49,103
83,09:58:42,$ 3426.49,103
85,09:58:39,$ 3426.595,100
86,09:58:35,$ 3426.35,100
87,09:58:35,$ 3426.4497,190
88,09:58:34,$ 3426.35,100
89,09:58:34,$ 3426.765,100
90,09:58:34,$ 3426.765,100
91,09:58:34,$ 3427.06,100
92,09:58:34,$ 3427.06,100
93,09:58:34,$ 3427.04,100
94,09:58:34,$ 3427.675,100
95,09:58:34,$ 3427.675,100
96,09:58:34,$ 3427.675,100
97,09:58:34,$ 3427.675,100
98,09:58:34,$ 3427.675,100
99,09:58:34,$ 3427.675,100
100,09:58:31,$ 3427.675,100
101,09:58:31,$ 3427.9838,100
102,09:58:31,$ 3427.675,100
103,09:58:26,$ 3426.985,100
104,09:58:25,$ 3427.29,100
106,09:58:25,$ 3427.08,100
107,09:58:25,$ 3427.14,100
108,09:58:25,$ 3427.395,100
109,09:58:25,$ 3427.395,100
110,09:58:25,$ 3427.395,100
111,09:58:25,$ 3427.395,100
112,09:58:25,$ 3427.395,100
113,09:58:25,$ 3427.395,100
114,09:58:25,$ 3427.395,100
115,09:58:25,$ 3427.395,100
116,09:58:25,$ 3427.395,100
117,09:58:25,$ 3428.18,100
118,09:58:25,$ 3427.48,100
119,09:58:25,$ 3427.48,100
120,09:58:25,$ 3427.48,100
121,09:58:21,$ 3428.935,100
122,09:58:21,$ 3428.935,100
123,09:58:21,$ 3428.76,100
124,09:58:21,$ 3428.76,100
125,09:58:21,$ 3428.76,100
127,09:58:21,$ 3429.12,100
128,09:58:21,$ 3429.12,100
129,09:58:21,$ 3429.12,100
130,09:58:21,$ 3429.12,100
131,09:58:20,$ 3430.9099,100
132,09:58:18,$ 3429.525,100
133,09:58:18,$ 3429.9775,100
134,09:58:18,$ 3430.35,100
135,09:58:06,$ 3431.4325,100
136,09:58:06,$ 3431.5725,100
137,09:58:06,$ 3431.94,100
138,09:58:06,$ 3432.00,100
139,09:58:05,$ 3431.1875,100
140,09:58:03,$ 3431.93,100
141,09:57:59,$ 3431.00,800
142,09:57:59,$ 3430.93,100
143,09:57:59,$ 3431.00,100
144,09:57:55,$ 3431.81,100
145,09:57:55,$ 3431.8175,100
146,09:57:54,$ 3432.61,100
148,09:57:52,$ 3431.9625,100
149,09:57:51,$ 3431.965,100
150,09:57:50,$ 3432.225,100
151,09:57:50,$ 3432.74,100
152,09:57:50,$ 3432.74,100
153,09:57:50,$ 3432.74,100
154,09:57:50,$ 3433.01,100
155,09:57:50,$ 3433.01,100
156,09:57:50,$ 3432.74,100
157,09:57:50,$ 3432.74,100
158,09:57:49,$ 3432.4525,100
159,09:57:49,$ 3432.5025,100
160,09:57:46,$ 3434.09,100
161,09:57:43,$ 3434.09,100
162,09:57:36,$ 3435.00,296
163,09:57:34,$ 3435.09,100
164,09:57:34,$ 3435.062,100
165,09:57:34,$ 3435.20,100
166,09:57:33,$ 3434.44,100
167,09:57:28,$ 3434.375,100
169,09:57:25,$ 3434.00,100
170,09:57:18,$ 3433.56,100
171,09:57:18,$ 3433.575,100
172,09:57:15,$ 3433.53,100
173,09:57:15,$ 3433.53,100
174,09:57:15,$ 3433.54,100
175,09:57:12,$ 3434.25,135
176,09:57:09,$ 3433.485,100
177,09:57:08,$ 3433.50,100
178,09:57:08,$ 3433.50,100
179,09:57:08,$ 3433.48,100
180,09:57:08,$ 3432.84,100
181,09:57:08,$ 3432.98,100
182,09:57:08,$ 3432.66,100
183,09:57:08,$ 3432.71,100
184,09:57:06,$ 3432.603,100
185,09:57:01,$ 3432.00,114
186,09:57:00,$ 3431.165,100
187,09:56:57,$ 3432.95,100
188,09:56:57,$ 3432.56,100
190,09:56:54,$ 3432.98,100
191,09:56:54,$ 3432.98,100
192,09:56:51,$ 3432.75,100
193,09:56:51,$ 3432.925,100
194,09:56:47,$ 3431.83,250
195,09:56:46,$ 3430.815,100
196,09:56:41,$ 3431.21,100
197,09:56:41,$ 3431.16,100
198,09:56:41,$ 3431.01,100
199,09:56:40,$ 3432.00,100
200,09:56:39,$ 3431.95,100
201,09:56:38,$ 3430.6812,180
202,09:56:32,$ 3428.99,100
203,09:56:32,$ 3428.93,100
204,09:56:27,$ 3428.83,100
205,09:56:27,$ 3428.2704,100
206,09:56:20,$ 3428.71,100
207,09:56:19,$ 3429.50,100
208,09:56:19,$ 3428.89,112
209,09:56:08,$ 3426.56,100
211,09:56:05,$ 3426.8471,400
212,09:56:01,$ 3426.6794,100
213,09:55:54,$ 3425.62,100
214,09:55:54,$ 3425.54,100
215,09:55:53,$ 3425.4284,100
216,09:55:48,$ 3424.3258,120
217,09:55:43,$ 3424.855,500
218,09:55:36,$ 3422.635,100
219,09:55:35,$ 3423.52,385
220,09:55:34,$ 3422.95,100
221,09:55:30,$ 3420.00,166
222,09:55:30,$ 3421.06,100
223,09:55:30,$ 3421.44,100
224,09:55:28,$ 3421.36,100
225,09:55:17,$ 3419.91,100
226,09:55:17,$ 3419.85,100
227,09:55:14,$ 3419.41,100
228,09:55:11,$ 3417.4896,500
229,09:55:07,$ 3418.71,100
230,09:55:06,$ 3420.62,100
232,09:55:06,$ 3420.55,100
233,09:55:06,$ 3420.45,100
234,09:55:05,$ 3421.2475,758
235,09:55:05,$ 3420.08,100
236,09:55:05,$ 3420.10,100
237,09:55:05,$ 3420.58,100
238,09:55:05,$ 3420.60,100
239,09:54:52,$ 3421.15,100
240,09:54:50,$ 3420.16,100
241,09:54:50,$ 3421.15,100
242,09:54:46,$ 3420.55,196
243,09:54:45,$ 3421.04,199
244,09:54:44,$ 3421.05,100
245,09:54:44,$ 3421.05,100
246,09:54:44,$ 3421.6869,100
247,09:54:41,$ 3420.63,100
248,09:54:41,$ 3421.14,100
249,09:54:41,$ 3421.66,100
250,09:54:41,$ 3421.555,103
251,09:54:41,$ 3421.555,100
253,09:54:41,$ 3421.555,103
254,09:54:39,$ 3421.555,100
255,09:54:36,$ 3422.255,100
256,09:54:36,$ 3422.04,100
257,09:54:31,$ 3422.89,137
258,09:54:31,$ 3422.89,100
259,09:54:26,$ 3422.78,100
260,09:54:26,$ 3423.595,100
261,09:54:23,$ 3424.65,500
262,09:54:21,$ 3423.662,500
263,09:54:21,$ 3423.66,100
264,09:54:20,$ 3423.925,121
265,09:54:19,$ 3423.925,100
266,09:54:19,$ 3423.45,100
267,09:54:19,$ 3423.45,100
268,09:54:19,$ 3423.45,100
269,09:54:19,$ 3423.635,100
270,09:54:19,$ 3423.57,100
271,09:54:19,$ 3423.57,100
272,09:54:19,$ 3423.99,176
274,09:54:19,$ 3425.01,100
275,09:54:19,$ 3423.12,100
276,09:54:19,$ 3423.12,200
277,09:54:19,$ 3425.01,100
278,09:54:19,$ 3425.01,100
279,09:54:19,$ 3423.74,100
280,09:54:19,$ 3424.91,100
281,09:54:19,$ 3423.74,100
282,09:54:19,$ 3423.74,100
283,09:54:19,$ 3423.74,100
284,09:54:19,$ 3423.31,100
285,09:54:19,$ 3423.45,100
286,09:54:19,$ 3423.885,100
287,09:54:19,$ 3423.885,100
288,09:54:19,$ 3423.885,100
289,09:54:19,$ 3423.885,100
290,09:54:19,$ 3423.74,100
291,09:54:19,$ 3423.74,100
292,09:54:19,$ 3423.74,100
293,09:54:19,$ 3423.74,100
295,09:54:19,$ 3425.01,100
296,09:54:19,$ 3425.01,100
297,09:54:19,$ 3424.43,100
298,09:54:19,$ 3423.885,100
299,09:54:19,$ 3425.01,100
300,09:54:18,$ 3425.2022,100
301,09:54:18,$ 3425.54,100
302,09:54:17,$ 3425.66,100
303,09:54:17,$ 3425.635,100
304,09:54:17,$ 3425.79,100
305,09:54:17,$ 3426.025,200
306,09:54:17,$ 3426.025,200
307,09:54:17,$ 3426.025,100
308,09:54:17,$ 3426.025,101
309,09:54:17,$ 3425.795,100
310,09:54:17,$ 3425.795,101
311,09:54:16,$ 3425.63,100
312,09:54:15,$ 3425.00,380
313,09:54:10,$ 3425.01,100
314,09:54:10,$ 3425.06,100
316,09:54:10,$ 3425.50,100
317,09:54:08,$ 3425.50,700
318,09:54:08,$ 3425.50,122
319,09:54:05,$ 3425.595,100
320,09:54:05,$ 3426.185,500
321,09:54:05,$ 3425.58,100
322,09:54:04,$ 3426.26,100
323,09:54:04,$ 3426.26,100
324,09:54:04,$ 3426.00,100
325,09:54:03,$ 3426.69,100
326,09:54:01,$ 3427.345,170
327,09:53:59,$ 3427.085,100
328,09:53:59,$ 3427.085,100
329,09:53:47,$ 3427.025,100
330,09:53:45,$ 3426.83,100
331,09:53:44,$ 3427.025,103
332,09:53:44,$ 3427.025,100
333,09:53:44,$ 3427.025,106
334,09:53:35,$ 3426.55,100
335,09:53:31,$ 3427.065,100
337,09:53:24,$ 3427.205,100
338,09:53:24,$ 3427.205,100
339,09:53:24,$ 3427.205,100
340,09:53:24,$ 3427.195,100
341,09:53:23,$ 3427.205,100
342,09:53:16,$ 3427.205,100
343,09:53:15,$ 3427.205,100
344,09:53:15,$ 3427.205,100
345,09:53:12,$ 3427.37,100
346,09:53:11,$ 3427.60,100
347,09:53:01,$ 3426.68,100
348,09:53:00,$ 3427.01,100
349,09:53:00,$ 3426.42,300
350,09:53:00,$ 3426.48,100
351,09:52:56,$ 3427.01,100
352,09:52:56,$ 3427.01,500
353,09:52:50,$ 3425.37,100
354,09:52:50,$ 3425.21,100
355,09:52:50,$ 3425.27,100
356,09:52:50,$ 3425.34,100
358,09:52:49,$ 3424.72,100
359,09:52:49,$ 3424.495,100
360,09:52:43,$ 3424.915,100
361,09:52:42,$ 3424.43,100
362,09:52:42,$ 3424.43,100
363,09:52:42,$ 3424.655,100
364,09:52:42,$ 3424.915,300
365,09:52:42,$ 3424.79,100
366,09:52:41,$ 3424.955,100
367,09:52:39,$ 3426.47,100
368,09:52:39,$ 3426.47,100
369,09:52:39,$ 3426.25,100
370,09:52:39,$ 3426.34,100
371,09:52:39,$ 3426.66,100
372,09:52:39,$ 3426.42,100
373,09:52:39,$ 3426.40,100
374,09:52:39,$ 3426.25,200
375,09:52:39,$ 3426.71,100
376,09:52:37,$ 3426.77,100
377,09:52:37,$ 3426.46,100
379,09:52:35,$ 3427.03,100
380,09:52:35,$ 3426.4601,500
381,09:52:34,$ 3426.985,300
382,09:52:34,$ 3426.56,100
383,09:52:27,$ 3427.205,100
384,09:52:26,$ 3428.10,100
385,09:52:20,$ 3427.11,100
386,09:52:20,$ 3427.11,100
387,09:52:20,$ 3427.02,100
388,09:52:15,$ 3427.63,300
389,09:52:06,$ 3427.47,104
390,09:52:04,$ 3428.87,100
391,09:51:56,$ 3427.13,400
392,09:51:53,$ 3426.27,100
393,09:51:53,$ 3426.605,300
394,09:51:46,$ 3427.14,100
395,09:51:46,$ 3427.14,100
396,09:51:45,$ 3426.88,100
397,09:51:44,$ 3426.26,100
398,09:51:40,$ 3426.26,100
400,09:51:40,$ 3426.44,100
401,09:51:40,$ 3426.26,100
402,09:51:40,$ 3427.31,100
403,09:51:39,$ 3426.27,100
404,09:51:37,$ 3426.2601,100
405,09:51:37,$ 3426.955,160
406,09:51:37,$ 3426.26,200
407,09:51:37,$ 3426.26,100
408,09:51:37,$ 3426.955,100
409,09:51:33,$ 3426.83,100
410,09:51:33,$ 3426.53,200
411,09:51:33,$ 3426.39,100
412,09:51:30,$ 3427.69,100
413,09:51:30,$ 3427.68,100
414,09:51:30,$ 3427.69,100
415,09:51:30,$ 3427.69,100
416,09:51:27,$ 3428.2999,100
417,09:51:24,$ 3428.27,100
418,09:51:23,$ 3427.37,100
419,09:51:23,$ 3427.36,100
421,09:51:23,$ 3428.00,100
422,09:51:18,$ 3428.00,176
423,09:51:17,$ 3428.77,100
424,09:51:16,$ 3428.77,100
425,09:51:14,$ 3428.35,100
426,09:51:07,$ 3429.01,150
427,09:51:02,$ 3430.67,500
428,09:51:00,$ 3430.81,100
429,09:50:59,$ 3430.8467,500
430,09:50:57,$ 3431.852,500
431,09:50:56,$ 3432.87,100
432,09:50:56,$ 3432.87,100
433,09:50:56,$ 3432.54,200
434,09:50:56,$ 3430.30,"1,000"
435,09:50:48,$ 3430.665,100
436,09:50:47,$ 3430.85,100
437,09:50:40,$ 3429.92,100
438,09:50:40,$ 3429.9799,100
439,09:50:39,$ 3430.00,100
440,09:50:37,$ 3431.51,100
442,09:50:37,$ 3430.015,100
443,09:50:37,$ 3430.02,100
444,09:50:35,$ 3430.52,100
445,09:50:31,$ 3430.01,400
446,09:50:31,$ 3430.46,100
447,09:50:31,$ 3430.47,100
448,09:50:31,$ 3430.1631,100
449,09:50:30,$ 3430.55,100
450,09:50:30,$ 3430.53,100
451,09:50:28,$ 3431.26,100
452,09:50:27,$ 3432.00,540
453,09:50:27,$ 3432.00,470
454,09:50:25,$ 3432.54,100
455,09:50:24,$ 3432.02,100
456,09:50:22,$ 3431.97,100
457,09:50:22,$ 3432.06,100
458,09:50:14,$ 3432.385,500
459,09:50:13,$ 3433.27,100
460,09:50:05,$ 3433.295,200
461,09:50:00,$ 3432.57,100
463,09:49:48,$ 3433.34,100
464,09:49:46,$ 3433.425,100
465,09:49:44,$ 3433.435,100
466,09:49:44,$ 3434.025,100
467,09:49:42,$ 3434.67,100
468,09:49:42,$ 3434.01,100
469,09:49:42,$ 3434.13,100
470,09:49:42,$ 3433.49,100
471,09:49:42,$ 3433.52,100
472,09:49:41,$ 3432.94,186
473,09:49:41,$ 3432.94,100
474,09:49:41,$ 3433.68,100
475,09:49:41,$ 3433.64,100
476,09:49:41,$ 3433.51,100
477,09:49:41,$ 3434.67,125
478,09:49:41,$ 3434.625,100
479,09:49:41,$ 3434.485,100
480,09:49:41,$ 3434.61,100
481,09:49:41,$ 3434.435,100
482,09:49:41,$ 3434.56,100
484,09:49:41,$ 3434.5999,100
485,09:49:41,$ 3434.56,100
486,09:49:41,$ 3434.58,100
487,09:49:41,$ 3434.54,100
488,09:49:41,$ 3434.49,100
489,09:49:41,$ 3434.49,100
490,09:49:41,$ 3434.3899,100
491,09:49:41,$ 3434.39,100
492,09:49:41,$ 3434.36,100
493,09:49:41,$ 3434.34,100
494,09:49:41,$ 3433.6399,100
495,09:49:41,$ 3433.72,100
496,09:49:41,$ 3433.52,100
497,09:49:41,$ 3433.63,100
498,09:49:41,$ 3433.44,100
499,09:49:41,$ 3433.44,100
500,09:49:41,$ 3433.59,100
501,09:49:41,$ 3433.63,100
502,09:49:40,$ 3432.94,500
503,09:49:39,$ 3432.94,100
505,09:49:39,$ 3433.11,100
506,09:49:38,$ 3433.59,100
507,09:49:38,$ 3432.545,"1,000"
508,09:49:35,$ 3433.14,100
509,09:49:34,$ 3432.12,100
510,09:49:34,$ 3432.12,100
511,09:49:32,$ 3433.00,100
512,09:49:27,$ 3432.36,100
513,09:49:27,$ 3433.63,100
514,09:49:27,$ 3432.46,500
515,09:49:25,$ 3433.61,100
516,09:49:24,$ 3433.35,100
517,09:49:22,$ 3432.723,500
518,09:49:20,$ 3433.41,100
519,09:49:20,$ 3433.40,100
520,09:49:20,$ 3431.995,100
521,09:49:20,$ 3432.49,100
522,09:49:20,$ 3432.49,150
523,09:49:20,$ 3432.49,150
524,09:49:17,$ 3431.5101,100
526,09:49:16,$ 3432.0273,100
527,09:49:13,$ 3432.00,100
528,09:49:13,$ 3431.46,100
529,09:49:12,$ 3431.875,100
530,09:49:12,$ 3431.455,100
531,09:49:12,$ 3431.455,100
532,09:49:06,$ 3431.47,500
533,09:49:06,$ 3430.98,100
534,09:49:05,$ 3430.975,"1,000"
535,09:49:05,$ 3430.9829,350
536,09:49:05,$ 3431.40,157
537,09:49:04,$ 3429.99,100
538,09:49:03,$ 3429.71,100
539,09:48:58,$ 3430.355,100
540,09:48:53,$ 3429.31,200
541,09:48:51,$ 3429.05,100
542,09:48:51,$ 3429.62,100
543,09:48:50,$ 3429.0501,500
544,09:48:49,$ 3429.82,100
545,09:48:47,$ 3429.835,100
547,09:48:46,$ 3430.445,100
548,09:48:46,$ 3430.13,100
549,09:48:46,$ 3430.6478,140
550,09:48:44,$ 3431.27,100
551,09:48:43,$ 3430.741,100
552,09:48:43,$ 3431.0525,100
553,09:48:43,$ 3430.01,198
554,09:48:40,$ 3431.20,100
555,09:48:40,$ 3430.745,500
556,09:48:39,$ 3430.76,100
557,09:48:37,$ 3432.01,100
558,09:48:36,$ 3431.9608,100
559,09:48:35,$ 3432.00,100
560,09:48:34,$ 3432.00,100
561,09:48:31,$ 3430.77,800
562,09:48:31,$ 3431.49,100
563,09:48:30,$ 3431.41,100
564,09:48:28,$ 3429.59,100
565,09:48:28,$ 3429.335,100
566,09:48:28,$ 3429.285,100
568,09:48:27,$ 3429.3701,150
569,09:48:27,$ 3430.72,100
570,09:48:27,$ 3430.74,100
571,09:48:25,$ 3430.75,100
572,09:48:24,$ 3430.13,100
573,09:48:24,$ 3430.615,100
574,09:48:20,$ 3429.97,100
575,09:48:20,$ 3429.97,100
576,09:48:20,$ 3429.81,100
577,09:48:19,$ 3429.6747,200
578,09:48:19,$ 3429.95,100
579,09:48:19,$ 3429.95,100
580,09:48:19,$ 3430.00,100
581,09:48:18,$ 3428.00,100
582,09:48:16,$ 3427.985,100
583,09:48:12,$ 3427.95,100
584,09:48:11,$ 3427.22,100
585,09:48:08,$ 3426.915,200
586,09:48:08,$ 3427.769,155
587,09:48:07,$ 3427.83,100
589,09:47:59,$ 3424.235,100
590,09:47:52,$ 3423.835,100
591,09:47:52,$ 3423.13,100
592,09:47:52,$ 3423.13,100
593,09:47:52,$ 3423.36,200
594,09:47:52,$ 3424.03,100
595,09:47:52,$ 3424.00,100
596,09:47:52,$ 3424.00,100
597,09:47:52,$ 3424.00,100
598,09:47:51,$ 3425.03,100
599,09:47:51,$ 3424.595,100
600,09:47:50,$ 3425.165,100
601,09:47:50,$ 3425.12,100
602,09:47:49,$ 3424.75,100
603,09:47:49,$ 3424.8075,100
604,09:47:49,$ 3424.855,100
605,09:47:49,$ 3424.86,100
606,09:47:48,$ 3424.81,100
607,09:47:48,$ 3425.19,100
608,09:47:48,$ 3425.33,100
610,09:47:47,$ 3425.90,300
611,09:47:47,$ 3425.55,100
612,09:47:46,$ 3425.90,100
613,09:47:44,$ 3426.74,100
614,09:47:43,$ 3426.74,"1,000"
615,09:47:43,$ 3426.71,100
616,09:47:42,$ 3426.657,500
617,09:47:42,$ 3426.69,100
618,09:47:42,$ 3426.69,100
619,09:47:41,$ 3426.69,100
620,09:47:41,$ 3426.69,100
621,09:47:39,$ 3426.97,350
622,09:47:37,$ 3426.515,100
623,09:47:37,$ 3426.515,100
624,09:47:37,$ 3426.515,100
625,09:47:37,$ 3426.515,100
626,09:47:37,$ 3426.515,100
627,09:47:37,$ 3426.22,100
628,09:47:36,$ 3425.905,500
629,09:47:36,$ 3426.17,100
631,09:47:32,$ 3426.67,100
632,09:47:32,$ 3427.2726,100
633,09:47:30,$ 3426.3275,100
634,09:47:30,$ 3426.5475,100
635,09:47:30,$ 3426.675,100
636,09:47:30,$ 3426.37,100
637,09:47:30,$ 3426.5475,100
638,09:47:30,$ 3425.73,100
639,09:47:29,$ 3425.738,500
640,09:47:29,$ 3426.675,100
641,09:47:29,$ 3425.985,100
642,09:47:28,$ 3426.61,100
643,09:47:28,$ 3426.38,100
644,09:47:28,$ 3426.23,100
645,09:47:28,$ 3426.34,100
646,09:47:28,$ 3426.95,180
647,09:47:28,$ 3426.91,200
648,09:47:27,$ 3426.95,100
649,09:47:27,$ 3426.95,100
650,09:47:27,$ 3426.95,100
652,09:47:24,$ 3427.20,100
653,09:47:24,$ 3427.30,100
654,09:47:19,$ 3427.21,100
655,09:47:19,$ 3427.20,100
656,09:47:18,$ 3427.93,100
657,09:47:15,$ 3426.55,100
658,09:47:15,$ 3426.97,100
659,09:47:14,$ 3426.95,100
660,09:47:10,$ 3425.00,100
661,09:47:10,$ 3424.99,100
662,09:47:08,$ 3424.80,100
663,09:47:08,$ 3424.75,100
664,09:47:07,$ 3424.39,100
665,09:47:07,$ 3424.99,100
666,09:47:06,$ 3424.80,100
667,09:47:04,$ 3424.89,100
668,09:47:03,$ 3423.765,129
669,09:47:02,$ 3424.07,100
670,09:47:00,$ 3423.945,100
671,09:46:56,$ 3423.09,100
673,09:46:56,$ 3423.114,133
674,09:46:55,$ 3422.60,100
675,09:46:50,$ 3423.09,100
676,09:46:49,$ 3422.96,100
677,09:46:49,$ 3422.96,100
678,09:46:49,$ 3423.02,100
679,09:46:49,$ 3421.96,100
680,09:46:48,$ 3421.455,100
681,09:46:45,$ 3421.845,100
682,09:46:45,$ 3421.00,100
683,09:46:43,$ 3419.455,100
684,09:46:34,$ 3418.30,100
685,09:46:27,$ 3417.19,100
686,09:46:24,$ 3417.49,100
687,09:46:24,$ 3417.18,100
688,09:46:24,$ 3417.69,100
689,09:46:21,$ 3418.9499,100
690,09:46:19,$ 3417.89,100
691,09:46:17,$ 3418.575,100
692,09:46:07,$ 3416.21,100
694,09:46:04,$ 3415.04,100
695,09:46:03,$ 3415.38,100
696,09:46:03,$ 3415.38,100
697,09:46:02,$ 3415.47,100
698,09:45:55,$ 3416.02,100
699,09:45:50,$ 3415.41,100
700,09:45:49,$ 3415.08,100
701,09:45:48,$ 3414.03,200
702,09:45:47,$ 3414.575,100
703,09:45:47,$ 3415.07,100
704,09:45:47,$ 3414.94,100
705,09:45:47,$ 3414.83,100
706,09:45:47,$ 3415.125,100
707,09:45:47,$ 3416.64,200
708,09:45:47,$ 3415.845,100
709,09:45:44,$ 3415.45,100
710,09:45:44,$ 3415.835,100
711,09:45:42,$ 3415.01,200
712,09:45:42,$ 3415.01,100
713,09:45:42,$ 3415.55,100
715,09:45:42,$ 3415.47,100
716,09:45:42,$ 3415.38,231
717,09:45:42,$ 3415.47,530
718,09:45:42,$ 3415.47,100
719,09:45:42,$ 3416.00,114
720,09:45:42,$ 3416.01,100
721,09:45:39,$ 3416.32,100
722,09:45:38,$ 3416.32,100
723,09:45:36,$ 3416.37,100
724,09:45:35,$ 3416.88,100
725,09:45:34,$ 3416.84,100
726,09:45:32,$ 3417.00,100
727,09:45:31,$ 3417.04,200
728,09:45:31,$ 3417.04,100
729,09:45:31,$ 3417.04,300
730,09:45:31,$ 3417.03,100
731,09:45:31,$ 3417.04,100
732,09:45:31,$ 3417.03,100
733,09:45:31,$ 3417.04,100
734,09:45:31,$ 3417.53,195
736,09:45:31,$ 3417.08,100
737,09:45:31,$ 3417.515,200
738,09:45:31,$ 3417.515,200
739,09:45:31,$ 3417.53,200
740,09:45:25,$ 3417.605,100
741,09:45:25,$ 3417.515,100
742,09:45:25,$ 3417.51,371
743,09:45:23,$ 3417.57,100
744,09:45:23,$ 3417.605,100
745,09:45:23,$ 3418.475,100
746,09:45:23,$ 3417.60,100
747,09:45:23,$ 3418.475,100
748,09:45:22,$ 3418.485,100
749,09:45:22,$ 3418.485,100
750,09:45:21,$ 3418.42,100
751,09:45:20,$ 3418.485,200
752,09:45:20,$ 3419.45,500
753,09:45:19,$ 3419.02,100
754,09:45:18,$ 3419.525,100
755,09:45:18,$ 3418.55,100
757,09:45:18,$ 3419.45,200
758,09:45:18,$ 3419.45,200
759,09:45:18,$ 3419.47,200
760,09:45:18,$ 3419.47,200
761,09:45:18,$ 3419.47,200
762,09:45:18,$ 3419.46,200
763,09:45:18,$ 3419.47,200
764,09:45:18,$ 3419.62,200
765,09:45:18,$ 3419.62,200
766,09:45:16,$ 3419.61,100
767,09:45:15,$ 3420.155,100
768,09:45:13,$ 3420.09,100
769,09:45:13,$ 3420.075,100
770,09:45:12,$ 3419.98,100
771,09:45:10,$ 3419.58,100
772,09:45:10,$ 3419.575,100
773,09:45:09,$ 3419.5201,100
774,09:45:08,$ 3420.12,100
775,09:45:08,$ 3420.105,100
776,09:45:07,$ 3420.03,100
778,09:45:06,$ 3420.03,100
779,09:45:06,$ 3420.03,100
780,09:45:06,$ 3420.03,100
781,09:45:05,$ 3420.08,100
782,09:45:05,$ 3420.08,100
783,09:45:04,$ 3420.08,100
784,09:45:03,$ 3419.78,100
785,09:45:01,$ 3419.755,100
786,09:45:01,$ 3419.755,100
787,09:45:01,$ 3419.755,100
788,09:45:01,$ 3418.915,100
789,09:45:01,$ 3418.90,100
790,09:44:49,$ 3418.435,100
791,09:44:48,$ 3418.185,100
792,09:44:48,$ 3418.21,100
793,09:44:45,$ 3419.02,100
794,09:44:40,$ 3419.83,100
795,09:44:39,$ 3419.41,100
796,09:44:38,$ 3419.415,100
797,09:44:37,$ 3419.815,100
799,09:44:36,$ 3419.0101,100
800,09:44:36,$ 3419.09,100
801,09:44:35,$ 3418.70,100
802,09:44:35,$ 3418.635,100
803,09:44:35,$ 3420.63,500
804,09:44:33,$ 3419.455,100
805,09:44:33,$ 3420.11,100
806,09:44:30,$ 3420.2853,400
807,09:44:28,$ 3420.575,100
808,09:44:22,$ 3421.79,100
809,09:44:22,$ 3421.72,100
810,09:44:20,$ 3421.05,100
811,09:44:20,$ 3421.12,100
812,09:44:20,$ 3421.31,100
813,09:44:20,$ 3421.32,100
814,09:44:17,$ 3420.155,100
815,09:44:16,$ 3420.37,100
816,09:44:14,$ 3420.6561,100
817,09:44:14,$ 3420.525,100
818,09:44:14,$ 3420.485,100
820,09:44:11,$ 3421.16,100
821,09:44:11,$ 3421.94,100
822,09:44:09,$ 3422.5844,118
823,09:44:09,$ 3422.30,100
824,09:43:56,$ 3423.61,100
825,09:43:56,$ 3422.04,100
826,09:43:55,$ 3422.69,100
827,09:43:55,$ 3423.42,100
828,09:43:55,$ 3423.42,100
829,09:43:51,$ 3424.185,100
830,09:43:46,$ 3423.39,100
831,09:43:46,$ 3422.94,100
832,09:43:41,$ 3422.285,100
833,09:43:37,$ 3423.04,100
834,09:43:37,$ 3422.1693,125
835,09:43:37,$ 3423.45,100
836,09:43:35,$ 3424.32,100
837,09:43:35,$ 3424.31,100
838,09:43:34,$ 3425.00,100
839,09:43:30,$ 3424.76,100
841,09:43:28,$ 3424.69,100
842,09:43:28,$ 3424.54,100
843,09:43:26,$ 3423.73,100
844,09:43:25,$ 3424.00,100
845,09:43:22,$ 3423.78,100
846,09:43:21,$ 3423.55,100
847,09:43:21,$ 3421.99,100
848,09:43:21,$ 3421.9899,100
849,09:43:16,$ 3419.83,100
850,09:43:16,$ 3420.10,100
851,09:43:13,$ 3420.24,100
852,09:43:10,$ 3418.825,100
853,09:43:10,$ 3421.03,300
854,09:43:10,$ 3419.95,100
855,09:43:10,$ 3420.00,100
856,09:43:10,$ 3420.00,100
857,09:43:10,$ 3420.00,100
858,09:43:10,$ 3419.95,100
859,09:43:09,$ 3418.61,100
860,09:43:09,$ 3418.66,100
862,09:43:09,$ 3418.70,100
863,09:43:09,$ 3418.76,100
864,09:43:06,$ 3417.48,105
865,09:43:06,$ 3417.55,100
866,09:43:04,$ 3418.25,100
867,09:43:04,$ 3417.8696,100
868,09:43:04,$ 3417.27,100
869,09:43:03,$ 3416.60,100
870,09:43:03,$ 3416.59,120
871,09:43:02,$ 3415.99,100
872,09:43:02,$ 3415.94,100
873,09:43:02,$ 3415.99,100
874,09:43:02,$ 3416.00,113
875,09:43:01,$ 3415.48,100
876,09:42:59,$ 3415.58,100
877,09:42:57,$ 3415.54,100
878,09:42:53,$ 3415.48,100
879,09:42:52,$ 3415.35,100
880,09:42:46,$ 3415.33,100
881,09:42:45,$ 3416.26,250
883,09:42:43,$ 3415.91,100
884,09:42:43,$ 3415.66,100
885,09:42:41,$ 3415.955,100
886,09:42:41,$ 3415.96,100
887,09:42:41,$ 3415.955,100
888,09:42:41,$ 3415.7491,110
889,09:42:41,$ 3415.75,100
890,09:42:41,$ 3415.73,131
891,09:42:40,$ 3415.0564,100
892,09:42:39,$ 3415.335,100
893,09:42:39,$ 3414.93,100
894,09:42:39,$ 3414.83,100
895,09:42:37,$ 3415.06,100
896,09:42:33,$ 3415.41,100
897,09:42:27,$ 3416.48,100
898,09:42:27,$ 3415.83,100
899,09:42:19,$ 3416.2425,100
900,09:42:18,$ 3416.76,250
901,09:42:17,$ 3416.875,100
902,09:42:17,$ 3416.68,100
904,09:42:15,$ 3416.25,100
905,09:42:14,$ 3416.50,100
906,09:42:13,$ 3417.145,100
907,09:42:12,$ 3415.405,500
908,09:42:11,$ 3416.0046,125
909,09:42:11,$ 3415.14,100
910,09:42:10,$ 3417.06,100
911,09:42:09,$ 3417.87,100
912,09:42:09,$ 3418.00,400
913,09:42:09,$ 3418.00,130
914,09:42:09,$ 3418.00,100
915,09:42:08,$ 3418.44,100
916,09:42:04,$ 3419.64,100
917,09:42:03,$ 3419.23,100
918,09:42:02,$ 3419.44,190
919,09:42:00,$ 3419.445,200
920,09:41:57,$ 3419.89,100
921,09:41:57,$ 3419.87,100
922,09:41:57,$ 3419.20,"1,653"
923,09:41:57,$ 3419.39,100
925,09:41:57,$ 3419.35,100
926,09:41:57,$ 3419.36,100
927,09:41:57,$ 3419.00,100
928,09:41:52,$ 3418.88,100
929,09:41:52,$ 3417.82,100
930,09:41:51,$ 3418.88,193
931,09:41:51,$ 3418.04,100
932,09:41:51,$ 3417.95,100
933,09:41:51,$ 3418.06,100
934,09:41:51,$ 3418.01,100
935,09:41:51,$ 3418.03,100
936,09:41:51,$ 3418.06,100
937,09:41:51,$ 3418.06,174
938,09:41:50,$ 3416.58,100
939,09:41:49,$ 3417.81,100
940,09:41:49,$ 3416.81,100
941,09:41:49,$ 3416.81,100
942,09:41:48,$ 3417.68,202
943,09:41:45,$ 3416.81,100
944,09:41:45,$ 3416.28,100
946,09:41:45,$ 3416.519,198
947,09:41:42,$ 3415.51,100
948,09:41:40,$ 3415.51,100
949,09:41:40,$ 3415.00,100
950,09:41:40,$ 3415.37,100
951,09:41:37,$ 3415.51,100
952,09:41:37,$ 3415.35,100
953,09:41:34,$ 3413.92,100
954,09:41:33,$ 3413.56,200
955,09:41:33,$ 3414.18,100
956,09:41:31,$ 3414.00,100
957,09:41:31,$ 3414.00,100
958,09:41:31,$ 3413.99,100
959,09:41:31,$ 3413.99,100
960,09:41:30,$ 3413.99,100
961,09:41:29,$ 3413.99,100
962,09:41:29,$ 3413.99,100
963,09:41:29,$ 3412.5401,100
964,09:41:23,$ 3411.94,200
965,09:41:21,$ 3410.83,100
967,09:41:21,$ 3410.63,100
968,09:41:20,$ 3411.65,345
969,09:41:19,$ 3412.115,100
970,09:41:19,$ 3412.10,100
971,09:41:19,$ 3413.135,100
972,09:41:19,$ 3411.66,100
973,09:41:19,$ 3412.03,100
974,09:41:19,$ 3412.68,100
975,09:41:18,$ 3413.01,100
976,09:41:17,$ 3412.16,100
977,09:41:16,$ 3412.85,100
978,09:41:16,$ 3412.90,100
979,09:41:16,$ 3412.90,100
980,09:41:16,$ 3412.90,100
981,09:41:16,$ 3412.85,100
982,09:41:16,$ 3412.85,100
983,09:41:15,$ 3412.00,100
984,09:41:15,$ 3411.23,100
985,09:41:14,$ 3411.90,351
986,09:41:14,$ 3411.85,100
988,09:41:11,$ 3410.4551,344
989,09:41:09,$ 3411.22,100
990,09:41:07,$ 3411.1496,238
991,09:41:07,$ 3411.15,100
992,09:41:07,$ 3410.865,100
993,09:41:07,$ 3410.88,300
994,09:41:06,$ 3410.00,124
995,09:41:06,$ 3410.00,150
996,09:41:06,$ 3410.00,150
997,09:41:06,$ 3409.556,111
998,09:41:06,$ 3409.9999,100
999,09:41:06,$ 3409.95,100
1000,09:41:06,$ 3409.9999,100
1001,09:41:04,$ 3409.89,100
1002,09:41:02,$ 3409.24,100
1003,09:41:02,$ 3409.24,100
1004,09:41:02,$ 3409.24,100
1005,09:41:02,$ 3409.24,100
1006,09:41:02,$ 3409.19,100
1007,09:41:02,$ 3409.24,100
1009,09:41:01,$ 3409.20,100
1010,09:41:01,$ 3408.50,100
1011,09:41:00,$ 3408.20,100
1012,09:41:00,$ 3408.95,100
1013,09:41:00,$ 3408.14,100
1014,09:41:00,$ 3408.34,100
1015,09:40:59,$ 3408.95,100
1016,09:40:59,$ 3408.88,100
1017,09:40:59,$ 3409.00,100
1018,09:40:59,$ 3408.95,100
1019,09:40:58,$ 3408.73,100
1020,09:40:57,$ 3408.91,100
1021,09:40:57,$ 3408.3375,100
1022,09:40:50,$ 3407.39,100
1023,09:40:44,$ 3406.88,100
1024,09:40:44,$ 3406.85,100
1025,09:40:39,$ 3406.345,100
1026,09:40:39,$ 3405.23,180
1027,09:40:39,$ 3405.23,210
1028,09:40:39,$ 3405.23,100
1030,09:40:38,$ 3404.19,100
1031,09:40:36,$ 3404.78,100
1032,09:40:35,$ 3404.11,100
1033,09:40:35,$ 3404.16,100
1034,09:40:33,$ 3403.74,100
1035,09:40:33,$ 3403.74,100
1036,09:40:30,$ 3403.68,100
1037,09:40:30,$ 3403.87,100
1038,09:40:30,$ 3404.42,100
1039,09:40:30,$ 3404.42,100
1040,09:40:30,$ 3404.34,100
1041,09:40:30,$ 3403.61,100
1042,09:40:30,$ 3404.00,100
1043,09:40:30,$ 3402.805,100
1044,09:40:25,$ 3402.95,100
1045,09:40:25,$ 3403.03,100
1046,09:40:24,$ 3403.09,100
1047,09:40:21,$ 3403.125,100
1048,09:40:21,$ 3403.115,100
1049,09:40:20,$ 3403.305,100
1051,09:40:19,$ 3404.77,500
1052,09:40:15,$ 3403.09,100
1053,09:40:15,$ 3403.09,100
1054,09:40:13,$ 3403.87,100
1055,09:40:12,$ 3403.4875,250
1056,09:40:12,$ 3404.55,100
1057,09:40:08,$ 3404.77,100
1058,09:40:06,$ 3405.69,100
1059,09:40:06,$ 3405.41,100
1060,09:40:05,$ 3406.13,100
1061,09:40:03,$ 3405.77,100
1062,09:40:03,$ 3406.00,100
1063,09:40:02,$ 3406.00,100
1064,09:40:02,$ 3406.00,100
1065,09:40:02,$ 3406.00,100
1066,09:40:02,$ 3405.94,100
1067,09:40:02,$ 3405.27,100
1068,09:40:01,$ 3405.88,100
1069,09:40:00,$ 3405.00,100
1070,09:39:59,$ 3404.61,100
1072,09:39:56,$ 3403.015,100
1073,09:39:56,$ 3402.94,100
1074,09:39:56,$ 3403.00,100
1075,09:39:56,$ 3403.075,100
1076,09:39:51,$ 3403.50,100
1077,09:39:49,$ 3403.87,100
1078,09:39:49,$ 3403.86,100
1079,09:39:49,$ 3403.86,100
1080,09:39:46,$ 3404.72,100
1081,09:39:44,$ 3404.1094,100
1082,09:39:43,$ 3403.86,100
1083,09:39:41,$ 3404.302,301
1084,09:39:40,$ 3403.99,100
1085,09:39:40,$ 3403.89,100
1086,09:39:40,$ 3402.50,100
1087,09:39:37,$ 3402.3301,125
1088,09:39:34,$ 3402.405,125
1089,09:39:28,$ 3402.00,100
1090,09:39:26,$ 3402.3819,214
1091,09:39:21,$ 3402.3237,125
1093,09:39:18,$ 3402.18,100
1094,09:39:17,$ 3402.763,500
1095,09:39:16,$ 3402.70,100
1096,09:39:16,$ 3403.00,100
1097,09:39:11,$ 3403.99,100
1098,09:39:10,$ 3403.99,100
1099,09:39:07,$ 3403.9796,100
1100,09:39:07,$ 3403.99,100
1101,09:39:06,$ 3403.872,464
1102,09:39:03,$ 3404.29,100
1103,09:39:02,$ 3404.00,260
1104,09:39:02,$ 3403.42,100
1105,09:39:02,$ 3403.48,100
1106,09:39:00,$ 3403.55,100
1107,09:38:59,$ 3403.95,100
1108,09:38:59,$ 3403.97,100
1109,09:38:58,$ 3404.00,100
1110,09:38:57,$ 3403.5875,100
1111,09:38:56,$ 3403.363,500
1112,09:38:54,$ 3404.41,100
1114,09:38:54,$ 3404.41,100
1115,09:38:54,$ 3404.41,100
1116,09:38:54,$ 3404.41,100
1117,09:38:53,$ 3403.80,100
1118,09:38:53,$ 3404.29,592
1119,09:38:53,$ 3404.24,100
1120,09:38:53,$ 3404.26,100
1121,09:38:44,$ 3404.745,100
1122,09:38:40,$ 3403.692,252
1123,09:38:40,$ 3403.692,100
1124,09:38:39,$ 3402.92,100
1125,09:38:36,$ 3402.535,"1,000"
1126,09:38:35,$ 3402.03,100
1127,09:38:35,$ 3401.89,100
1128,09:38:34,$ 3403.025,100
1129,09:38:34,$ 3403.11,100
1130,09:38:34,$ 3403.10,100
1131,09:38:34,$ 3403.12,100
1132,09:38:29,$ 3404.38,100
1133,09:38:28,$ 3404.285,100
1135,09:38:27,$ 3403.59,100
1136,09:38:27,$ 3404.99,100
1137,09:38:26,$ 3404.71,100
1138,09:38:26,$ 3404.74,100
1139,09:38:26,$ 3404.635,100
1140,09:38:25,$ 3403.80,100
1141,09:38:25,$ 3403.67,100
1142,09:38:24,$ 3404.39,100
1143,09:38:22,$ 3404.40,100
1144,09:38:22,$ 3404.40,100
1145,09:38:21,$ 3404.35,100
1146,09:38:20,$ 3404.20,100
1147,09:38:20,$ 3404.20,100
1148,09:38:19,$ 3402.2124,100
1149,09:38:19,$ 3403.94,100
1150,09:38:19,$ 3403.87,100
1151,09:38:18,$ 3403.83,100
1152,09:38:18,$ 3402.56,100
1153,09:38:17,$ 3403.74,998
1154,09:38:17,$ 3403.94,100
1156,09:38:17,$ 3403.94,100
1157,09:38:15,$ 3403.67,100
1158,09:38:14,$ 3402.915,250
1159,09:38:13,$ 3402.975,100
1160,09:38:13,$ 3402.905,100
1161,09:38:13,$ 3402.96,100
1162,09:38:13,$ 3402.44,100
1163,09:38:12,$ 3401.23,100
1164,09:38:11,$ 3402.00,100
1165,09:38:11,$ 3402.00,100
1166,09:38:11,$ 3402.00,100
1167,09:38:11,$ 3402.00,100
1168,09:38:11,$ 3402.00,300
1169,09:38:11,$ 3402.00,100
1170,09:38:10,$ 3401.62,283
1171,09:38:10,$ 3401.00,150
1172,09:38:10,$ 3401.00,100
1173,09:38:09,$ 3401.00,100
1174,09:38:09,$ 3401.00,100
1175,09:38:07,$ 3400.99,500
1177,09:38:05,$ 3400.26,100
1178,09:38:02,$ 3400.49,100
1179,09:38:02,$ 3400.81,100
1180,09:38:02,$ 3401.00,100
1181,09:38:02,$ 3400.00,955
1182,09:38:02,$ 3399.99,100
1183,09:38:02,$ 3399.99,100
1184,09:37:56,$ 3396.95,500
1185,09:37:55,$ 3398.92,100
1186,09:37:55,$ 3398.37,283
1187,09:37:54,$ 3397.89,100
1188,09:37:52,$ 3396.41,100
1189,09:37:49,$ 3395.30,100
1190,09:37:49,$ 3395.30,100
1191,09:37:49,$ 3395.30,100
1192,09:37:49,$ 3395.30,100
1193,09:37:49,$ 3395.30,132
1194,09:37:49,$ 3395.30,100
1195,09:37:46,$ 3395.64,100
1196,09:37:45,$ 3395.30,100
1198,09:37:45,$ 3395.30,100
1199,09:37:45,$ 3395.30,100
1200,09:37:45,$ 3395.30,100
1201,09:37:45,$ 3395.10,100
1202,09:37:45,$ 3395.31,100
1203,09:37:45,$ 3395.30,100
1204,09:37:45,$ 3395.30,100
1205,09:37:45,$ 3395.30,100
1206,09:37:44,$ 3395.08,100
1207,09:37:44,$ 3395.30,100
1208,09:37:44,$ 3394.42,200
1209,09:37:44,$ 3394.35,100
1210,09:37:44,$ 3394.37,100
1211,09:37:44,$ 3394.40,100
1212,09:37:44,$ 3394.42,100
1213,09:37:44,$ 3394.29,100
1214,09:37:42,$ 3394.41,100
1215,09:37:42,$ 3394.545,100
1216,09:37:42,$ 3395.125,100
1217,09:37:38,$ 3395.70,100
1219,09:37:38,$ 3395.00,100
1220,09:37:34,$ 3395.56,100
1221,09:37:34,$ 3395.535,100
1222,09:37:33,$ 3395.18,196
1223,09:37:27,$ 3396.705,100
1224,09:37:27,$ 3396.705,100
1225,09:37:26,$ 3396.55,196
1226,09:37:26,$ 3396.55,100
1227,09:37:26,$ 3396.55,100
1228,09:37:26,$ 3396.55,100
1229,09:37:25,$ 3396.58,500
1230,09:37:25,$ 3396.58,"1,200"
1231,09:37:25,$ 3397.39,100
1232,09:37:25,$ 3397.38,100
1233,09:37:25,$ 3396.986,200
1234,09:37:25,$ 3396.26,100
1235,09:37:25,$ 3396.26,120
1236,09:37:25,$ 3394.85,100
1237,09:37:25,$ 3394.90,150
1238,09:37:25,$ 3394.99,100
1240,09:37:25,$ 3394.90,100
1241,09:37:25,$ 3394.428,200
1242,09:37:25,$ 3394.452,100
1243,09:37:25,$ 3394.85,100
1244,09:37:25,$ 3394.424,100
1245,09:37:25,$ 3393.23,100
1246,09:37:25,$ 3393.27,100
1247,09:37:25,$ 3393.31,100
1248,09:37:24,$ 3392.61,100
1249,09:37:23,$ 3392.68,100
1250,09:37:21,$ 3393.37,100
1251,09:37:16,$ 3394.00,100
1252,09:37:16,$ 3393.315,140
1253,09:37:16,$ 3393.67,100
1254,09:37:15,$ 3393.56,100
1255,09:37:14,$ 3392.58,100
1256,09:37:09,$ 3392.56,100
1257,09:37:01,$ 3391.25,100
1258,09:36:53,$ 3391.8005,100
1259,09:36:51,$ 3391.259,200
1261,09:36:51,$ 3392.0242,100
1262,09:36:48,$ 3391.00,100
1263,09:36:42,$ 3391.09,100
1264,09:36:41,$ 3390.75,100
1265,09:36:31,$ 3391.56,200
1266,09:36:31,$ 3391.56,100
1267,09:36:22,$ 3390.00,100
1268,09:36:14,$ 3391.80,100
1269,09:36:07,$ 3390.5401,100
1270,09:36:02,$ 3390.47,100
1271,09:36:02,$ 3390.51,158
1272,09:36:00,$ 3390.51,230
1273,09:35:59,$ 3389.1201,300
1274,09:35:58,$ 3390.53,258
1275,09:35:58,$ 3390.00,100
1276,09:35:56,$ 3391.21,100
1277,09:35:56,$ 3391.18,100
1278,09:35:55,$ 3390.56,100
1279,09:35:54,$ 3390.05,100
1280,09:35:54,$ 3390.26,282
1282,09:35:54,$ 3390.6577,100
1283,09:35:50,$ 3391.91,100
1284,09:35:50,$ 3391.35,100
1285,09:35:50,$ 3390.7614,100
1286,09:35:49,$ 3391.235,100
1287,09:35:49,$ 3390.69,100
1288,09:35:44,$ 3390.576,100
1289,09:35:44,$ 3390.728,200
1290,09:35:44,$ 3391.40,100
1291,09:35:39,$ 3391.40,100
1292,09:35:36,$ 3393.555,100
1293,09:35:36,$ 3392.85,100
1294,09:35:34,$ 3392.72,100
1295,09:35:34,$ 3391.845,100
1296,09:35:34,$ 3392.80,100
1297,09:35:33,$ 3391.775,100
1298,09:35:33,$ 3392.09,100
1299,09:35:33,$ 3392.09,100
1300,09:35:33,$ 3391.87,100
1301,09:35:33,$ 3391.91,100
1303,09:35:33,$ 3391.70,100
1304,09:35:33,$ 3391.57,100
1305,09:35:33,$ 3391.87,100
1306,09:35:33,$ 3391.98,100
1307,09:35:33,$ 3392.05,100
1308,09:35:33,$ 3392.07,100
1309,09:35:33,$ 3391.48,100
1310,09:35:29,$ 3391.485,100
1311,09:35:29,$ 3391.77,100
1312,09:35:29,$ 3391.77,100
1313,09:35:29,$ 3392.04,200
1314,09:35:29,$ 3392.04,100
1315,09:35:29,$ 3392.03,100
1316,09:35:29,$ 3391.80,100
1317,09:35:29,$ 3391.77,100
1318,09:35:29,$ 3391.71,100
1319,09:35:29,$ 3392.886,100
1320,09:35:22,$ 3393.7145,100
1321,09:35:22,$ 3391.16,200
1322,09:35:22,$ 3393.73,600
1324,09:35:22,$ 3394.80,100
1325,09:35:22,$ 3394.29,100
1326,09:35:22,$ 3394.29,100
1327,09:35:22,$ 3393.965,100
1328,09:35:22,$ 3393.98,100
1329,09:35:22,$ 3392.37,100
1330,09:35:22,$ 3392.32,100
1331,09:35:22,$ 3392.32,100
1332,09:35:22,$ 3392.158,100
1333,09:35:22,$ 3392.25,200
1334,09:35:22,$ 3392.239,200
1335,09:35:22,$ 3390.4971,200
1336,09:35:21,$ 3391.16,500
1337,09:35:21,$ 3390.455,100
1338,09:35:18,$ 3391.31,100
1339,09:35:12,$ 3391.04,114
1340,09:35:10,$ 3391.04,100
1341,09:35:10,$ 3391.13,100
1342,09:35:09,$ 3391.48,100
1343,09:35:09,$ 3391.175,100
1345,09:35:09,$ 3393.3799,100
1346,09:35:09,$ 3391.51,100
1347,09:35:09,$ 3391.025,100
1348,09:35:09,$ 3391.00,100
1349,09:35:09,$ 3391.01,100
1350,09:35:09,$ 3391.78,100
1351,09:35:09,$ 3393.00,250
1352,09:35:09,$ 3393.52,100
1353,09:35:08,$ 3393.855,100
1354,09:35:07,$ 3393.83,112
1355,09:35:07,$ 3393.83,188
1356,09:35:07,$ 3393.83,100
1357,09:34:59,$ 3394.21,100
1358,09:34:59,$ 3394.59,100
1359,09:34:54,$ 3395.37,100
1360,09:34:50,$ 3395.46,100
1361,09:34:50,$ 3395.49,100
1362,09:34:48,$ 3395.29,100
1363,09:34:47,$ 3394.71,289
1364,09:34:46,$ 3394.80,100
1366,09:34:45,$ 3395.29,100
1367,09:34:41,$ 3395.00,100
1368,09:34:37,$ 3395.27,100
1369,09:34:36,$ 3394.64,100
1370,09:34:36,$ 3395.265,100
1371,09:34:35,$ 3394.0001,200
1372,09:34:33,$ 3395.09,100
1373,09:34:33,$ 3395.43,100
1374,09:34:33,$ 3395.90,100
1375,09:34:26,$ 3396.09,100
1376,09:34:24,$ 3397.01,100
1377,09:34:23,$ 3397.00,100
1378,09:34:18,$ 3397.68,100
1379,09:34:15,$ 3397.2125,200
1380,09:34:14,$ 3396.72,200
1381,09:34:14,$ 3397.08,100
1382,09:34:10,$ 3399.01,200
1383,09:34:09,$ 3399.375,783
1384,09:34:08,$ 3399.07,100
1385,09:34:05,$ 3399.49,283
1387,09:34:05,$ 3399.35,100
1388,09:34:05,$ 3399.35,100
1389,09:34:05,$ 3399.30,100
1390,09:34:05,$ 3399.06,100
1391,09:34:05,$ 3399.30,100
1392,09:34:02,$ 3398.545,160
1393,09:33:59,$ 3398.385,100
1394,09:33:59,$ 3397.68,200
1395,09:33:59,$ 3397.37,178
1396,09:33:57,$ 3399.42,100
1397,09:33:57,$ 3399.42,100
1398,09:33:55,$ 3399.93,100
1399,09:33:55,$ 3399.97,500
1400,09:33:54,$ 3398.965,150
1401,09:33:53,$ 3399.94,100
1402,09:33:51,$ 3400.7799,140
1403,09:33:44,$ 3399.48,100
1404,09:33:44,$ 3399.50,100
1405,09:33:44,$ 3399.48,100
1406,09:33:44,$ 3399.84,100
1408,09:33:44,$ 3399.50,127
1409,09:33:43,$ 3399.64,100
1410,09:33:43,$ 3399.645,100
1411,09:33:40,$ 3400.87,100
1412,09:33:39,$ 3400.88,100
1413,09:33:38,$ 3400.87,500
1414,09:33:34,$ 3399.605,139
1415,09:33:32,$ 3399.57,100
1416,09:33:28,$ 3399.48,100
1417,09:33:27,$ 3399.2022,100
1418,09:33:26,$ 3400.875,100
1419,09:33:24,$ 3400.925,100
1420,09:33:23,$ 3400.00,115
1421,09:33:23,$ 3400.00,279
1422,09:33:23,$ 3400.00,419
1423,09:33:23,$ 3400.00,217
1424,09:33:23,$ 3400.00,100
1425,09:33:23,$ 3400.00,200
1426,09:33:23,$ 3400.00,135
1427,09:33:22,$ 3398.99,100
1429,09:33:22,$ 3399.00,100
1430,09:33:22,$ 3399.00,100
1431,09:33:21,$ 3397.79,100
1432,09:33:19,$ 3396.50,100
1433,09:33:19,$ 3397.10,100
1434,09:33:15,$ 3398.915,100
1435,09:33:14,$ 3398.845,100
1436,09:33:12,$ 3398.48,100
1437,09:33:12,$ 3398.48,100
1438,09:33:12,$ 3398.00,150
1439,09:33:12,$ 3398.00,100
1440,09:33:11,$ 3398.955,100
1441,09:33:11,$ 3398.47,100
1442,09:33:11,$ 3399.15,100
1443,09:33:11,$ 3399.15,100
1444,09:33:11,$ 3398.97,100
1445,09:33:11,$ 3398.70,216
1446,09:33:10,$ 3398.00,150
1447,09:33:09,$ 3397.98,100
1448,09:33:08,$ 3397.07,100
1450,09:33:03,$ 3397.2428,100
1451,09:33:00,$ 3397.38,160
1452,09:33:00,$ 3397.30,100
1453,09:32:58,$ 3397.3499,150
1454,09:32:55,$ 3396.22,100
1455,09:32:52,$ 3396.0704,100
1456,09:32:51,$ 3396.23,100
1457,09:32:51,$ 3396.315,100
1458,09:32:44,$ 3396.36,100
1459,09:32:39,$ 3396.00,225
1460,09:32:38,$ 3395.96,100
1461,09:32:38,$ 3395.97,100
1462,09:32:35,$ 3396.47,100
1463,09:32:35,$ 3396.47,100
1464,09:32:35,$ 3396.26,100
1465,09:32:33,$ 3395.82,100
1466,09:32:32,$ 3395.99,100
1467,09:32:32,$ 3396.36,100
1468,09:32:26,$ 3396.57,100
1469,09:32:26,$ 3397.095,100
1471,09:32:26,$ 3397.06,100
1472,09:32:26,$ 3397.00,100
1473,09:32:26,$ 3397.12,100
1474,09:32:24,$ 3398.00,200
1475,09:32:24,$ 3397.48,100
1476,09:32:15,$ 3398.575,100
1477,09:32:09,$ 3399.00,100
1478,09:32:06,$ 3399.95,100
1479,09:32:06,$ 3398.87,100
1480,09:32:04,$ 3398.81,300
1481,09:32:01,$ 3398.50,100
1482,09:32:00,$ 3398.47,100
1483,09:31:57,$ 3398.8201,150
1484,09:31:57,$ 3399.11,100
1485,09:31:56,$ 3399.00,108
1486,09:31:56,$ 3399.00,100
1487,09:31:56,$ 3398.80,100
1488,09:31:56,$ 3398.80,100
1489,09:31:56,$ 3398.80,100
1490,09:31:56,$ 3398.81,100
1492,09:31:55,$ 3397.225,100
1493,09:31:53,$ 3398.38,100
1494,09:31:53,$ 3398.585,600
1495,09:31:52,$ 3398.585,100
1496,09:31:48,$ 3398.05,100
1497,09:31:48,$ 3398.04,100
1498,09:31:44,$ 3398.80,100
1499,09:31:44,$ 3398.80,131
1500,09:31:43,$ 3398.35,100
1501,09:31:40,$ 3398.03,100
1502,09:31:40,$ 3397.95,100
1503,09:31:40,$ 3397.09,100
1504,09:31:40,$ 3395.645,100
1505,09:31:40,$ 3395.555,100
1506,09:31:40,$ 3395.555,100
1507,09:31:36,$ 3395.51,100
1508,09:31:36,$ 3397.11,300
1509,09:31:36,$ 3397.10,100
1510,09:31:35,$ 3397.55,100
1511,09:31:34,$ 3398.28,100
1513,09:31:33,$ 3398.00,100
1514,09:31:33,$ 3398.00,866
1515,09:31:33,$ 3398.00,100
1516,09:31:32,$ 3397.67,154
1517,09:31:32,$ 3397.67,100
1518,09:31:32,$ 3397.00,240
1519,09:31:32,$ 3397.29,100
1520,09:31:32,$ 3397.30,200
1521,09:31:32,$ 3397.30,100
1522,09:31:32,$ 3397.30,100
1523,09:31:30,$ 3395.95,100
1524,09:31:30,$ 3395.95,100
1525,09:31:29,$ 3395.95,100
1526,09:31:28,$ 3396.2584,150
1527,09:31:27,$ 3396.2159,100
1528,09:31:27,$ 3396.04,100
1529,09:31:26,$ 3397.03,100
1530,09:31:24,$ 3395.4801,100
1531,09:31:21,$ 3396.83,100
1532,09:31:21,$ 3396.23,100
1534,09:31:21,$ 3396.23,100
1535,09:31:20,$ 3397.49,100
1536,09:31:20,$ 3396.83,100
1537,09:31:20,$ 3395.335,100
1538,09:31:19,$ 3397.00,200
1539,09:31:19,$ 3395.82,100
1540,09:31:19,$ 3395.92,100
1541,09:31:19,$ 3395.99,100
1542,09:31:19,$ 3396.00,100
1543,09:31:19,$ 3396.00,100
1544,09:31:19,$ 3396.00,200
1545,09:31:19,$ 3396.22,100
1546,09:31:17,$ 3394.255,100
1547,09:31:17,$ 3394.0101,500
1548,09:31:16,$ 3394.685,100
1549,09:31:15,$ 3393.74,100
1550,09:31:14,$ 3394.42,100
1551,09:31:14,$ 3393.91,190
1552,09:31:13,$ 3392.96,100
1553,09:31:11,$ 3392.32,100
1555,09:31:11,$ 3392.32,100
1556,09:31:11,$ 3392.32,100
1557,09:31:10,$ 3392.32,100
1558,09:31:10,$ 3392.32,100
1559,09:31:10,$ 3392.32,100
1560,09:31:10,$ 3392.32,100
1561,09:31:10,$ 3392.32,100
1562,09:31:10,$ 3392.315,100
1563,09:31:10,$ 3392.315,100
1564,09:31:10,$ 3392.30,100
1565,09:31:10,$ 3392.315,100
1566,09:31:10,$ 3392.315,100
1567,09:31:10,$ 3392.315,100
1568,09:31:10,$ 3392.315,100
1569,09:31:10,$ 3392.315,100
1570,09:31:10,$ 3392.20,100
1571,09:31:09,$ 3390.96,100
1572,09:31:09,$ 3391.40,100
1573,09:31:07,$ 3391.06,100
1574,09:31:04,$ 3390.48,108
1576,09:31:03,$ 3390.4401,200
1577,09:31:02,$ 3390.7316,100
1578,09:31:02,$ 3391.08,100
1579,09:31:00,$ 3391.175,100
1580,09:30:59,$ 3391.15,100
1581,09:30:59,$ 3391.26,100
1582,09:30:59,$ 3391.26,100
1583,09:30:59,$ 3388.68,100
1584,09:30:59,$ 3388.68,100
1585,09:30:59,$ 3388.67,100
1586,09:30:59,$ 3388.67,100
1587,09:30:59,$ 3387.93,100
1588,09:30:59,$ 3388.68,100
1589,09:30:59,$ 3389.22,100
1590,09:30:56,$ 3389.39,100
1591,09:30:54,$ 3386.71,200
1592,09:30:53,$ 3392.5917,"1,163"
1593,09:30:53,$ 3392.27,100
1594,09:30:53,$ 3392.14,100
1595,09:30:53,$ 3392.01,100
1597,09:30:53,$ 3392.00,100
1598,09:30:53,$ 3391.92,100
1599,09:30:53,$ 3391.89,100
1600,09:30:53,$ 3391.64,100
1601,09:30:53,$ 3390.26,100
1602,09:30:53,$ 3390.26,100
1603,09:30:53,$ 3390.26,200
1604,09:30:53,$ 3390.26,100
1605,09:30:53,$ 3389.63,100
1606,09:30:53,$ 3389.25,100
1607,09:30:53,$ 3389.42,100
1608,09:30:53,$ 3387.85,100
1609,09:30:53,$ 3388.00,100
1610,09:30:53,$ 3388.00,100
1611,09:30:53,$ 3387.71,100
1612,09:30:53,$ 3387.86,100
1613,09:30:53,$ 3387.91,110
1614,09:30:53,$ 3386.03,100
1615,09:30:53,$ 3385.765,100
1616,09:30:53,$ 3387.56,100
1618,09:30:53,$ 3387.02,100
1619,09:30:53,$ 3387.02,100
1620,09:30:52,$ 3386.71,100
1621,09:30:52,$ 3387.02,100
1622,09:30:52,$ 3386.7099,500
1623,09:30:45,$ 3385.43,100
1624,09:30:44,$ 3385.535,100
1625,09:30:41,$ 3385.51,100
1626,09:30:41,$ 3385.565,100
1627,09:30:41,$ 3386.45,100
1628,09:30:35,$ 3386.83,100
1629,09:30:35,$ 3387.02,100
1630,09:30:35,$ 3388.00,100
1631,09:30:35,$ 3386.705,200
1632,09:30:32,$ 3385.7902,130
1633,09:30:31,$ 3385.69,100
1634,09:30:31,$ 3386.71,100
1635,09:30:30,$ 3388.05,100
1636,09:30:30,$ 3388.16,100
1637,09:30:30,$ 3388.22,100
1639,09:30:30,$ 3389.6799,200
1640,09:30:30,$ 3389.64,100
1641,09:30:30,$ 3388.11,100
1642,09:30:30,$ 3389.67,122
1643,09:30:19,$ 3389.43,400
1644,09:30:15,$ 3390.00,150
1645,09:30:15,$ 3390.00,150
1646,09:30:15,$ 3390.00,150
1647,09:30:15,$ 3388.16,100
1648,09:30:14,$ 3389.625,190
1649,09:30:14,$ 3388.16,100
1650,09:30:14,$ 3388.155,100
1651,09:30:14,$ 3388.565,100
1652,09:30:13,$ 3390.50,100
1653,09:30:12,$ 3391.27,100
1654,09:30:10,$ 3389.66,129
1655,09:30:10,$ 3389.3008,300
1656,09:30:07,$ 3388.44,100
1657,09:30:07,$ 3387.25,100
1658,09:30:04,$ 3385.20,100
1660,09:30:03,$ 3385.345,100
1661,09:30:02,$ 3385.26,100
1662,09:30:02,$ 3385.58,1
1663,09:30:02,$ 3385.58,1
1664,09:30:02,$ 3385.58,1
1665,09:30:02,$ 3385.58,1
1666,09:30:02,$ 3385.58,1
1667,09:30:02,$ 3385.58,1
1668,09:30:02,$ 3385.58,1
1669,09:30:02,$ 3385.58,1
1670,09:30:02,$ 3385.58,1
1671,09:30:02,$ 3385.58,1
1672,09:30:02,$ 3385.58,1
1673,09:30:02,$ 3385.58,1
1674,09:30:02,$ 3385.58,1
1675,09:30:02,$ 3385.58,1
1676,09:30:02,$ 3385.58,1
1677,09:30:02,$ 3385.58,1
1678,09:30:02,$ 3385.58,1
1679,09:30:02,$ 3385.58,1
1681,09:30:02,$ 3385.58,1
1682,09:30:02,$ 3385.58,1
1683,09:30:02,$ 3385.58,1
1684,09:30:02,$ 3385.58,1
1685,09:30:02,$ 3385.58,1
1686,09:30:02,$ 3385.58,1
1687,09:30:02,$ 3385.58,1
1688,09:30:02,$ 3385.58,1
1689,09:30:02,$ 3385.58,1
1690,09:30:02,$ 3385.58,1
1691,09:30:02,$ 3385.58,1
1692,09:30:02,$ 3385.58,1
1693,09:30:02,$ 3385.58,1
1694,09:30:02,$ 3385.58,1
1695,09:30:02,$ 3385.58,1
1696,09:30:02,$ 3385.58,1
1697,09:30:02,$ 3385.58,1
1698,09:30:02,$ 3385.58,1
1699,09:30:02,$ 3385.58,1
1700,09:30:02,$ 3385.58,1
1702,09:30:02,$ 3385.58,1
1703,09:30:02,$ 3385.58,1
1704,09:30:02,$ 3385.58,1
1705,09:30:02,$ 3385.58,1
1706,09:30:02,$ 3385.58,1
1707,09:30:02,$ 3385.58,1
1708,09:30:02,$ 3385.58,1
1709,09:30:02,$ 3385.58,1
1710,09:30:02,$ 3385.58,1
1711,09:30:02,$ 3385.58,1
1712,09:30:02,$ 3385.58,1
1713,09:30:02,$ 3385.58,1
1714,09:30:02,$ 3385.58,1
1715,09:30:02,$ 3385.58,1
1716,09:30:02,$ 3385.58,1
1717,09:30:02,$ 3385.58,1
1718,09:30:02,$ 3385.58,1
1719,09:30:02,$ 3385.58,1
1720,09:30:02,$ 3385.58,1
1721,09:30:02,$ 3385.58,1
1723,09:30:02,$ 3385.58,1
1724,09:30:02,$ 3385.58,1
1725,09:30:02,$ 3385.58,1
1726,09:30:02,$ 3385.58,1
1727,09:30:02,$ 3385.58,1
1728,09:30:02,$ 3385.58,1
1729,09:30:02,$ 3385.58,1
1730,09:30:02,$ 3385.58,1
1731,09:30:02,$ 3385.58,1
1732,09:30:02,$ 3385.58,1
1733,09:30:02,$ 3385.58,1
1734,09:30:02,$ 3385.58,1
1735,09:30:02,$ 3385.58,1
1736,09:30:02,$ 3385.58,1
1737,09:30:02,$ 3385.58,1
1738,09:30:02,$ 3385.58,1
1739,09:30:02,$ 3385.58,1
1740,09:30:02,$ 3385.58,1
1741,09:30:02,$ 3385.58,1
1742,09:30:02,$ 3385.58,1
1744,09:30:02,$ 3385.58,1
1745,09:30:02,$ 3385.58,1
1746,09:30:02,$ 3385.58,1
1747,09:30:02,$ 3385.58,1
1748,09:30:02,$ 3385.58,1
1749,09:30:02,$ 3385.58,1
1750,09:30:02,$ 3385.58,1
1751,09:30:02,$ 3385.58,1
1752,09:30:02,$ 3385.58,1
1753,09:30:02,$ 3385.58,1
1754,09:30:02,$ 3385.58,1
1755,09:30:02,$ 3385.58,1
1756,09:30:02,$ 3385.58,1
1757,09:30:02,$ 3385.58,1
1758,09:30:02,$ 3385.58,1
1759,09:30:02,$ 3385.58,1
1760,09:30:02,$ 3385.58,1
1761,09:30:02,$ 3385.58,1
1762,09:30:02,$ 3385.58,1
1763,09:30:02,$ 3385.58,1
1765,09:30:02,$ 3385.58,1
1766,09:30:02,$ 3385.58,1
1767,09:30:02,$ 3385.58,1
1768,09:30:02,$ 3385.58,60
1769,09:30:02,$ 3385.58,1
1770,09:30:02,$ 3385.58,1
1771,09:30:02,$ 3385.58,1
1772,09:30:02,$ 3385.58,1
1773,09:30:02,$ 3385.58,1
1774,09:30:02,$ 3385.58,1
1775,09:30:02,$ 3385.58,1
1776,09:30:02,$ 3385.58,1
1777,09:30:02,$ 3385.58,1
1778,09:30:02,$ 3385.58,1
1779,09:30:02,$ 3385.58,1
1780,09:30:02,$ 3385.58,1
1781,09:30:02,$ 3385.58,1
1782,09:30:02,$ 3385.58,1
1783,09:30:02,$ 3385.58,1
1784,09:30:02,$ 3385.58,1
1786,09:30:02,$ 3385.58,1
1787,09:30:02,$ 3385.58,1
1788,09:30:02,$ 3385.58,1
1789,09:30:02,$ 3385.58,1
1790,09:30:02,$ 3385.58,1
1791,09:30:02,$ 3385.58,1
1792,09:30:02,$ 3385.58,1
1793,09:30:02,$ 3385.58,1
1794,09:30:02,$ 3385.58,1
1795,09:30:02,$ 3385.58,1
1796,09:30:02,$ 3385.58,1
1797,09:30:02,$ 3385.58,15
1798,09:30:02,$ 3385.58,29
1799,09:30:02,$ 3385.58,1
1800,09:30:02,$ 3385.58,25
1801,09:30:02,$ 3385.58,96
1802,09:30:02,$ 3385.58,1
1803,09:30:02,$ 3385.58,1
1804,09:30:02,$ 3385.58,1
1805,09:30:02,$ 3385.58,1
1807,09:30:02,$ 3385.58,1
1808,09:30:02,$ 3385.58,5
1809,09:30:02,$ 3385.58,1
1810,09:30:02,$ 3385.58,2
1811,09:30:02,$ 3385.58,3
1812,09:30:02,$ 3385.58,3
1813,09:30:02,$ 3385.58,1
1814,09:30:02,$ 3385.58,3
1815,09:30:02,$ 3385.58,1
1816,09:30:02,$ 3385.58,1
1817,09:30:02,$ 3385.58,1
1818,09:30:02,$ 3385.58,1
1819,09:30:02,$ 3385.58,3
1820,09:30:02,$ 3385.58,1
1821,09:30:02,$ 3385.58,1
1822,09:30:02,$ 3385.58,1
1823,09:30:02,$ 3385.58,1
1824,09:30:02,$ 3385.58,2
1825,09:30:02,$ 3385.58,2
1826,09:30:02,$ 3385.58,1
1828,09:30:02,$ 3385.58,1
1829,09:30:02,$ 3385.58,10
1830,09:30:02,$ 3385.58,10
1831,09:30:02,$ 3385.58,1
1832,09:30:02,$ 3385.58,1
1833,09:30:02,$ 3385.58,1
1834,09:30:02,$ 3385.58,1
1835,09:30:02,$ 3385.58,1
1836,09:30:02,$ 3385.58,3
1837,09:30:02,$ 3385.58,3
1838,09:30:02,$ 3385.58,1
1839,09:30:02,$ 3385.58,6
1840,09:30:02,$ 3385.58,1
1841,09:30:02,$ 3385.58,10
1842,09:30:02,$ 3385.58,1
1843,09:30:02,$ 3385.58,2
1844,09:30:02,$ 3385.58,10
1845,09:30:02,$ 3385.58,3
1846,09:30:02,$ 3385.58,2
1847,09:30:02,$ 3385.58,1
1849,09:30:02,$ 3385.58,1
1850,09:30:02,$ 3385.58,10
1851,09:30:02,$ 3385.58,1
1852,09:30:02,$ 3385.58,1
1853,09:30:02,$ 3385.58,1
1854,09:30:02,$ 3385.58,1
1855,09:30:02,$ 3385.58,1
1856,09:30:02,$ 3385.58,2
1857,09:30:02,$ 3385.58,1
1858,09:30:02,$ 3385.58,1
1859,09:30:02,$ 3385.58,1
1860,09:30:02,$ 3385.58,1
1861,09:30:02,$ 3385.58,1
1862,09:30:02,$ 3385.58,3
1863,09:30:02,$ 3385.58,4
1864,09:30:02,$ 3385.58,122
1865,09:30:02,$ 3385.58,200
1866,09:30:02,$ 3385.58,1
1867,09:30:02,$ 3385.58,1
1868,09:30:02,$ 3385.58,10
1870,09:30:02,$ 3385.58,2
1871,09:30:02,$ 3385.58,1
1872,09:30:02,$ 3385.58,1
1873,09:30:02,$ 3385.58,5
1874,09:30:02,$ 3385.58,10
1875,09:30:02,$ 3385.58,1
1876,09:30:02,$ 3385.58,50
1877,09:30:02,$ 3385.58,1
1878,09:30:02,$ 3385.58,1
1879,09:30:02,$ 3385.58,29
1880,09:30:02,$ 3385.58,1
1881,09:30:02,$ 3385.58,1
1882,09:30:02,$ 3385.58,16
1883,09:30:02,$ 3385.58,1
1884,09:30:02,$ 3385.58,1
1885,09:30:02,$ 3385.58,1
1886,09:30:02,$ 3385.58,1
1887,09:30:02,$ 3385.58,10
1888,09:30:02,$ 3385.58,1
1889,09:30:02,$ 3385.58,1
1891,09:30:02,$ 3385.58,10
1892,09:30:02,$ 3385.58,18
1893,09:30:02,$ 3385.58,1
1894,09:30:02,$ 3385.58,13
1895,09:30:02,$ 3385.58,70
1896,09:30:02,$ 3385.58,2
1897,09:30:02,$ 3385.58,5
1898,09:30:02,$ 3385.58,3
1899,09:30:02,$ 3385.58,2
1900,09:30:02,$ 3385.58,48
1901,09:30:02,$ 3385.58,1
1902,09:30:02,$ 3385.58,1
1903,09:30:02,$ 3385.58,2
1904,09:30:02,$ 3385.58,3
1905,09:30:02,$ 3385.58,1
1906,09:30:02,$ 3385.58,2
1907,09:30:02,$ 3385.58,2
1908,09:30:02,$ 3385.58,9
1909,09:30:02,$ 3385.58,1
1910,09:30:02,$ 3385.58,1
1912,09:30:02,$ 3385.58,3
1913,09:30:02,$ 3385.58,2
1914,09:30:02,$ 3385.58,3
1915,09:30:02,$ 3385.58,2
1916,09:30:02,$ 3385.58,3
1917,09:30:02,$ 3385.58,2
1918,09:30:02,$ 3385.58,2
1919,09:30:02,$ 3385.58,1
1920,09:30:02,$ 3385.58,5
1921,09:30:02,$ 3385.58,2
1922,09:30:02,$ 3385.58,3
1923,09:30:02,$ 3385.58,2
1924,09:30:02,$ 3385.58,2
1925,09:30:02,$ 3385.58,2
1926,09:30:02,$ 3385.58,3
1927,09:30:02,$ 3385.58,2
1928,09:30:02,$ 3385.58,3
1929,09:30:02,$ 3385.58,4
1930,09:30:02,$ 3385.58,3
1931,09:30:02,$ 3385.58,9
1933,09:30:02,$ 3385.58,10
1934,09:30:02,$ 3385.58,3
1935,09:30:02,$ 3385.58,2
1936,09:30:02,$ 3385.58,2
1937,09:30:02,$ 3385.58,3
1938,09:30:02,$ 3385.58,1
1939,09:30:02,$ 3385.58,4
1940,09:30:02,$ 3385.58,2
1941,09:30:02,$ 3385.58,2
1942,09:30:02,$ 3385.58,3
1943,09:30:02,$ 3385.58,2
1944,09:30:02,$ 3385.58,3
1945,09:30:02,$ 3385.58,96
1946,09:30:02,$ 3385.58,30
1947,09:30:02,$ 3385.58,10
1948,09:30:02,$ 3385.58,1
1949,09:30:02,$ 3385.58,2
1950,09:30:02,$ 3385.58,6
1951,09:30:02,$ 3385.58,1
1952,09:30:02,$ 3385.58,5
1954,09:30:02,$ 3385.58,5
1955,09:30:02,$ 3385.58,1
1956,09:30:02,$ 3385.58,1
1957,09:30:02,$ 3385.58,3
1958,09:30:02,$ 3385.58,1
1959,09:30:02,$ 3385.58,1
1960,09:30:02,$ 3385.58,36
1961,09:30:02,$ 3385.58,15
1962,09:30:02,$ 3385.58,1
1963,09:30:02,$ 3385.58,8
1964,09:30:02,$ 3385.58,10
1965,09:30:02,$ 3385.58,3
1966,09:30:02,$ 3385.58,1
1967,09:30:02,$ 3385.58,25
1968,09:30:02,$ 3385.58,2
1969,09:30:02,$ 3385.58,1
1970,09:30:02,$ 3385.58,5
1971,09:30:02,$ 3385.58,4
1972,09:30:02,$ 3385.58,1
1973,09:30:02,$ 3385.58,4
1975,09:30:02,$ 3385.58,12
1976,09:30:02,$ 3385.58,25
1977,09:30:02,$ 3385.58,3
1978,09:30:02,$ 3385.58,2
1979,09:30:02,$ 3385.58,4
1980,09:30:02,$ 3385.58,4
1981,09:30:02,$ 3385.58,1
1982,09:30:02,$ 3385.58,10
1983,09:30:02,$ 3385.58,3
1984,09:30:02,$ 3385.58,14
1985,09:30:02,$ 3385.58,17
1986,09:30:02,$ 3385.58,10
1987,09:30:02,$ 3385.58,10
1988,09:30:02,$ 3385.58,11
1989,09:30:02,$ 3385.58,2
1990,09:30:02,$ 3385.58,1
1991,09:30:02,$ 3385.58,1
1992,09:30:02,$ 3385.58,1
1993,09:30:02,$ 3385.58,1
1994,09:30:02,$ 3385.58,2
1996,09:30:02,$ 3385.58,3
1997,09:30:02,$ 3385.58,2
1998,09:30:02,$ 3385.58,4
1999,09:30:02,$ 3385.58,9
2000,09:30:02,$ 3385.58,1
2001,09:30:02,$ 3385.58,105
2002,09:30:02,$ 3385.58,2
2003,09:30:02,$ 3385.58,3
2004,09:30:02,$ 3385.58,1
2005,09:30:02,$ 3385.58,50
2006,09:30:02,$ 3385.58,2
2007,09:30:02,$ 3385.58,1
2008,09:30:02,$ 3385.58,5
2009,09:30:02,$ 3385.58,3
2010,09:30:02,$ 3385.58,2
2011,09:30:02,$ 3385.58,10
2012,09:30:02,$ 3385.58,4
2013,09:30:02,$ 3385.58,9
2014,09:30:02,$ 3385.58,16
2015,09:30:02,$ 3385.58,6
2017,09:30:02,$ 3385.58,3
2018,09:30:02,$ 3385.58,2
2019,09:30:02,$ 3385.58,1
2020,09:30:02,$ 3385.58,1
2021,09:30:02,$ 3385.58,1
2022,09:30:02,$ 3385.58,1
2023,09:30:02,$ 3385.58,3
2024,09:30:02,$ 3385.58,2
2025,09:30:02,$ 3385.58,3
2026,09:30:02,$ 3385.58,2
2027,09:30:02,$ 3385.58,1
2028,09:30:02,$ 3385.58,3
2029,09:30:02,$ 3385.58,1
2030,09:30:02,$ 3385.58,4
2031,09:30:02,$ 3385.58,1
2032,09:30:02,$ 3385.58,2
2033,09:30:02,$ 3385.58,1
2034,09:30:02,$ 3385.58,1
2035,09:30:02,$ 3385.58,1
2036,09:30:02,$ 3385.58,1
2038,09:30:02,$ 3385.58,4
2039,09:30:02,$ 3385.58,1
2040,09:30:02,$ 3385.58,7
2041,09:30:02,$ 3385.58,1
2042,09:30:02,$ 3385.58,2
2043,09:30:02,$ 3385.58,1
2044,09:30:02,$ 3385.58,3
2045,09:30:02,$ 3385.58,1
2046,09:30:02,$ 3385.58,10
2047,09:30:02,$ 3385.58,1
2048,09:30:02,$ 3385.58,1
2049,09:30:02,$ 3385.58,1
2050,09:30:02,$ 3385.58,1
2051,09:30:02,$ 3385.58,1
2052,09:30:02,$ 3385.58,2
2053,09:30:02,$ 3385.58,14
2054,09:30:02,$ 3385.58,15
2055,09:30:02,$ 3385.58,1
2056,09:30:02,$ 3385.58,2
2057,09:30:02,$ 3385.58,2
2059,09:30:02,$ 3385.58,1
2060,09:30:02,$ 3385.58,1
2061,09:30:02,$ 3385.58,1
2062,09:30:02,$ 3385.58,1
2063,09:30:02,$ 3385.58,1
2064,09:30:02,$ 3385.58,1
2065,09:30:02,$ 3385.58,1
2066,09:30:02,$ 3385.58,2
2067,09:30:02,$ 3385.58,1
2068,09:30:02,$ 3385.58,15
2069,09:30:02,$ 3385.58,1
2070,09:30:02,$ 3385.58,2
2071,09:30:02,$ 3385.58,8
2072,09:30:02,$ 3385.58,1
2073,09:30:02,$ 3385.58,7
2074,09:30:02,$ 3385.58,15
2075,09:30:02,$ 3385.58,1
2076,09:30:02,$ 3385.58,1
2077,09:30:02,$ 3385.58,7
2078,09:30:02,$ 3385.58,4
2080,09:30:02,$ 3385.58,2
2081,09:30:02,$ 3385.58,9
2082,09:30:02,$ 3385.58,1
2083,09:30:02,$ 3385.58,2
2084,09:30:02,$ 3385.58,1
2085,09:30:02,$ 3385.58,1
2086,09:30:02,$ 3385.58,2
2087,09:30:02,$ 3385.58,1
2088,09:30:02,$ 3385.58,1
2089,09:30:02,$ 3385.58,3
2090,09:30:02,$ 3385.58,1
2091,09:30:02,$ 3385.58,12
2092,09:30:02,$ 3385.58,5
2093,09:30:02,$ 3385.58,3
2094,09:30:02,$ 3385.58,20
2095,09:30:02,$ 3385.58,20
2096,09:30:02,$ 3385.58,4
2097,09:30:02,$ 3385.58,6
2098,09:30:02,$ 3385.58,1
2099,09:30:02,$ 3385.58,2
2101,09:30:02,$ 3385.58,40
2102,09:30:02,$ 3385.58,17
2103,09:30:02,$ 3385.58,8
2104,09:30:02,$ 3385.58,1
2105,09:30:02,$ 3385.58,1
2106,09:30:02,$ 3385.58,1
2107,09:30:02,$ 3385.58,1
2108,09:30:02,$ 3385.58,1
2109,09:30:02,$ 3385.58,1
2110,09:30:02,$ 3385.58,2
2111,09:30:02,$ 3385.58,1
2112,09:30:02,$ 3385.58,1
2113,09:30:02,$ 3385.58,1
2114,09:30:02,$ 3385.58,1
2115,09:30:02,$ 3385.58,1
2116,09:30:02,$ 3385.58,1
2117,09:30:02,$ 3385.58,1
2118,09:30:02,$ 3385.58,1
2119,09:30:02,$ 3385.58,1
2120,09:30:02,$ 3385.58,1
2122,09:30:02,$ 3385.58,1
2123,09:30:02,$ 3385.58,1
2124,09:30:02,$ 3385.58,1
2125,09:30:02,$ 3385.58,1
2126,09:30:02,$ 3385.58,1
2127,09:30:02,$ 3385.58,1
2128,09:30:02,$ 3385.58,1
2129,09:30:02,$ 3385.58,1
2130,09:30:02,$ 3385.58,1
2131,09:30:02,$ 3385.58,1
2132,09:30:02,$ 3385.58,1
2133,09:30:02,$ 3385.58,1
2134,09:30:02,$ 3385.58,1
2135,09:30:02,$ 3385.58,1
2136,09:30:02,$ 3385.58,1
2137,09:30:02,$ 3385.58,1
2138,09:30:02,$ 3385.58,1
2139,09:30:02,$ 3385.58,1
2140,09:30:02,$ 3385.58,1
2141,09:30:02,$ 3385.58,1
2143,09:30:02,$ 3385.58,1
2144,09:30:02,$ 3385.58,1
2145,09:30:02,$ 3385.58,1
2146,09:30:02,$ 3385.58,1
2147,09:30:02,$ 3385.58,1
2148,09:30:02,$ 3385.58,1
2149,09:30:02,$ 3385.58,1
2150,09:30:02,$ 3385.58,1
2151,09:30:02,$ 3385.58,1
2152,09:30:02,$ 3385.58,1
2153,09:30:02,$ 3385.58,1
2154,09:30:02,$ 3385.58,1
2155,09:30:02,$ 3385.58,1
2156,09:30:02,$ 3385.58,1
2157,09:30:02,$ 3385.58,1
2158,09:30:02,$ 3385.58,1
2159,09:30:02,$ 3385.58,1
2160,09:30:02,$ 3385.58,1
2161,09:30:02,$ 3385.58,1
2162,09:30:02,$ 3385.58,1
2164,09:30:02,$ 3385.58,1
2165,09:30:02,$ 3385.58,1
2166,09:30:02,$ 3385.58,1
2167,09:30:02,$ 3385.58,1
2168,09:30:02,$ 3385.58,1
2169,09:30:02,$ 3385.58,1
2170,09:30:02,$ 3385.58,1
2171,09:30:02,$ 3385.58,1
2172,09:30:02,$ 3385.58,1
2173,09:30:02,$ 3385.58,1
2174,09:30:02,$ 3385.58,1
2175,09:30:02,$ 3385.58,1
2176,09:30:02,$ 3385.58,1
2177,09:30:02,$ 3385.58,1
2178,09:30:02,$ 3385.58,1
2179,09:30:02,$ 3385.58,1
2180,09:30:02,$ 3385.58,1
2181,09:30:02,$ 3385.58,1
2182,09:30:02,$ 3385.58,1
2183,09:30:02,$ 3385.58,1
2185,09:30:02,$ 3385.58,1
2186,09:30:02,$ 3385.58,1
2187,09:30:02,$ 3385.58,1
2188,09:30:02,$ 3385.58,1
2189,09:30:02,$ 3385.58,1
2190,09:30:02,$ 3385.58,1
2191,09:30:02,$ 3385.58,1
2192,09:30:02,$ 3385.58,1
2193,09:30:02,$ 3385.58,1
2194,09:30:02,$ 3385.58,1
2195,09:30:02,$ 3385.58,1
2196,09:30:02,$ 3385.58,1
2197,09:30:02,$ 3385.58,1
2198,09:30:02,$ 3385.58,1
2199,09:30:02,$ 3385.58,1
2200,09:30:02,$ 3385.58,1
2201,09:30:02,$ 3385.58,1
2202,09:30:02,$ 3385.58,1
2203,09:30:02,$ 3385.58,1
2204,09:30:02,$ 3385.58,1
2206,09:30:02,$ 3385.58,1
2207,09:30:02,$ 3385.58,1
2208,09:30:02,$ 3385.58,1
2209,09:30:02,$ 3385.58,1
2210,09:30:02,$ 3385.58,1
2211,09:30:02,$ 3385.58,1
2212,09:30:02,$ 3385.58,1
2213,09:30:02,$ 3385.58,1
2214,09:30:02,$ 3385.58,1
2215,09:30:02,$ 3385.58,1
2216,09:30:02,$ 3385.58,1
2217,09:30:02,$ 3385.58,1
2218,09:30:02,$ 3385.58,1
2219,09:30:02,$ 3385.58,1
2220,09:30:02,$ 3385.58,1
2221,09:30:02,$ 3385.58,1
2222,09:30:02,$ 3385.58,1
2223,09:30:02,$ 3385.58,1
2224,09:30:02,$ 3385.58,1
2225,09:30:02,$ 3385.58,1
2227,09:30:02,$ 3385.58,1
2228,09:30:02,$ 3385.58,1
2229,09:30:02,$ 3385.58,1
2230,09:30:02,$ 3385.58,1
2231,09:30:02,$ 3385.58,1
2232,09:30:02,$ 3385.58,1
2233,09:30:02,$ 3385.58,1
2234,09:30:02,$ 3385.58,1
2235,09:30:02,$ 3385.58,1
2236,09:30:02,$ 3385.58,1
2237,09:30:02,$ 3385.58,1
2238,09:30:02,$ 3385.58,1
2239,09:30:02,$ 3385.58,1
2240,09:30:02,$ 3385.58,1
2241,09:30:02,$ 3385.58,1
2242,09:30:02,$ 3385.58,1
2243,09:30:02,$ 3385.58,1
2244,09:30:02,$ 3385.58,1
2245,09:30:02,$ 3385.58,1
2246,09:30:02,$ 3385.58,1
2248,09:30:02,$ 3385.58,1
2249,09:30:02,$ 3385.58,1
2250,09:30:02,$ 3385.58,1
2251,09:30:02,$ 3385.58,1
2252,09:30:02,$ 3385.58,1
2253,09:30:02,$ 3385.58,1
2254,09:30:02,$ 3385.58,1
2255,09:30:02,$ 3385.58,1
2256,09:30:02,$ 3385.58,1
2257,09:30:02,$ 3385.58,1
2258,09:30:02,$ 3385.58,1
2259,09:30:02,$ 3385.58,1
2260,09:30:02,$ 3385.58,1
2261,09:30:02,$ 3385.58,1
2262,09:30:02,$ 3385.58,1
2263,09:30:02,$ 3385.58,1
2264,09:30:02,$ 3385.58,1
2265,09:30:02,$ 3385.58,1
2266,09:30:02,$ 3385.58,1
2267,09:30:02,$ 3385.58,1
2269,09:30:02,$ 3385.58,1
2270,09:30:02,$ 3385.58,1
2271,09:30:02,$ 3385.58,1
2272,09:30:02,$ 3385.58,1
2273,09:30:02,$ 3385.58,1
2274,09:30:02,$ 3385.58,1
2275,09:30:02,$ 3385.58,1
2276,09:30:02,$ 3385.58,1
2277,09:30:02,$ 3385.58,1
2278,09:30:02,$ 3385.58,1
2279,09:30:02,$ 3385.58,1
2280,09:30:02,$ 3385.58,1
2281,09:30:02,$ 3385.58,1
2282,09:30:02,$ 3385.58,1
2283,09:30:02,$ 3385.58,1
2284,09:30:02,$ 3385.58,1
2285,09:30:02,$ 3385.58,1
2286,09:30:02,$ 3385.58,1
2287,09:30:02,$ 3385.58,1
2288,09:30:02,$ 3385.58,1
2290,09:30:02,$ 3385.58,1
2291,09:30:02,$ 3385.58,1
2292,09:30:02,$ 3385.58,1
2293,09:30:02,$ 3385.58,1
2294,09:30:02,$ 3385.58,1
2295,09:30:02,$ 3385.58,1
2296,09:30:02,$ 3385.58,1
2297,09:30:02,$ 3385.58,1
2298,09:30:02,$ 3385.58,1
2299,09:30:02,$ 3385.58,1
2300,09:30:02,$ 3385.58,1
2301,09:30:02,$ 3385.58,1
2302,09:30:02,$ 3385.58,1
2303,09:30:02,$ 3385.58,1
2304,09:30:02,$ 3385.58,1
2305,09:30:02,$ 3385.58,1
2306,09:30:02,$ 3385.58,1
2307,09:30:02,$ 3385.58,1
2308,09:30:02,$ 3385.58,1
2309,09:30:02,$ 3385.58,1
2311,09:30:02,$ 3385.58,1
2312,09:30:02,$ 3385.58,1
2313,09:30:02,$ 3385.58,1
2314,09:30:02,$ 3385.58,1
2315,09:30:02,$ 3385.58,1
2316,09:30:02,$ 3385.58,1
2317,09:30:02,$ 3385.58,1
2318,09:30:02,$ 3385.58,1
2319,09:30:02,$ 3385.58,1
2320,09:30:02,$ 3385.58,1
2321,09:30:02,$ 3385.58,1
2322,09:30:02,$ 3385.58,1
2323,09:30:02,$ 3385.58,1
2324,09:30:02,$ 3385.58,1
2325,09:30:02,$ 3385.58,1
2326,09:30:02,$ 3385.58,1
2327,09:30:02,$ 3385.58,1
2328,09:30:02,$ 3385.58,1
2329,09:30:02,$ 3385.58,1
2330,09:30:02,$ 3385.58,1
2332,09:30:02,$ 3385.58,1
2333,09:30:02,$ 3385.58,1
2334,09:30:02,$ 3385.58,1
2335,09:30:02,$ 3385.58,1
2336,09:30:02,$ 3385.58,1
2337,09:30:02,$ 3385.58,1
2338,09:30:02,$ 3385.58,1
2339,09:30:02,$ 3385.58,1
2340,09:30:02,$ 3385.58,1
2341,09:30:02,$ 3385.58,1
2342,09:30:02,$ 3385.58,1
2343,09:30:02,$ 3385.58,1
2344,09:30:02,$ 3385.58,1
2345,09:30:02,$ 3385.58,1
2346,09:30:02,$ 3385.58,1
2347,09:30:02,$ 3385.58,1
2348,09:30:02,$ 3385.58,1
2349,09:30:02,$ 3385.58,1
2350,09:30:02,$ 3385.58,1
2351,09:30:02,$ 3385.58,1
2353,09:30:02,$ 3385.58,1
2354,09:30:02,$ 3385.58,1
2355,09:30:02,$ 3385.58,1
2356,09:30:02,$ 3385.58,1
2357,09:30:02,$ 3385.58,1
2358,09:30:02,$ 3385.58,1
2359,09:30:02,$ 3385.58,1
2360,09:30:02,$ 3385.58,1
2361,09:30:02,$ 3385.58,1
2362,09:30:02,$ 3385.58,1
2363,09:30:02,$ 3385.58,1
2364,09:30:02,$ 3385.58,1
2365,09:30:02,$ 3385.58,1
2366,09:30:02,$ 3385.58,1
2367,09:30:02,$ 3385.58,1
2368,09:30:02,$ 3385.58,1
2369,09:30:02,$ 3385.58,5
2370,09:30:02,$ 3385.58,1
2371,09:30:02,$ 3385.58,2
2372,09:30:02,$ 3385.58,60
2374,09:30:02,$ 3385.58,4
2375,09:30:02,$ 3385.58,1
2376,09:30:02,$ 3385.58,3
2377,09:30:02,$ 3385.58,1
2378,09:30:02,$ 3385.58,1
2379,09:30:02,$ 3385.58,1
2380,09:30:02,$ 3385.58,1
2381,09:30:02,$ 3385.58,1
2382,09:30:02,$ 3385.58,1
2383,09:30:02,$ 3385.58,1
2384,09:30:02,$ 3385.58,50
2385,09:30:02,$ 3385.58,30
2386,09:30:02,$ 3385.58,5
2387,09:30:02,$ 3385.58,5
2388,09:30:02,$ 3385.58,1
2389,09:30:02,$ 3385.58,1
2390,09:30:02,$ 3385.58,14
2391,09:30:02,$ 3385.58,1
2392,09:30:02,$ 3385.58,1
2393,09:30:02,$ 3385.58,1
2395,09:30:02,$ 3385.58,1
2396,09:30:02,$ 3385.58,1
2397,09:30:02,$ 3385.58,1
2398,09:30:02,$ 3385.58,2
2399,09:30:02,$ 3385.58,1
2400,09:30:02,$ 3385.58,2
2401,09:30:02,$ 3385.58,1
2402,09:30:02,$ 3385.58,1
2403,09:30:02,$ 3385.58,1
2404,09:30:02,$ 3385.58,1
2405,09:30:02,$ 3385.58,1
2406,09:30:02,$ 3385.58,1
2407,09:30:02,$ 3385.58,2
2408,09:30:02,$ 3385.58,1
2409,09:30:02,$ 3385.58,1
2410,09:30:02,$ 3385.58,1
2411,09:30:02,$ 3385.58,1
2412,09:30:02,$ 3385.58,1
2413,09:30:02,$ 3385.58,1
2414,09:30:02,$ 3385.58,1
2416,09:30:02,$ 3385.58,2
2417,09:30:02,$ 3385.58,1
2418,09:30:02,$ 3385.58,1
2419,09:30:02,$ 3385.58,2
2420,09:30:02,$ 3385.58,2
2421,09:30:02,$ 3385.58,1
2422,09:30:02,$ 3385.58,1
2423,09:30:02,$ 3385.58,1
2424,09:30:02,$ 3385.58,1
2425,09:30:02,$ 3385.58,1
2426,09:30:02,$ 3385.58,1
2427,09:30:02,$ 3385.58,1
2428,09:30:02,$ 3385.58,1
2429,09:30:02,$ 3385.58,1
2430,09:30:02,$ 3385.58,10
2431,09:30:02,$ 3385.58,1
2432,09:30:02,$ 3385.58,1
2433,09:30:02,$ 3385.58,1
2434,09:30:02,$ 3385.58,1
2435,09:30:02,$ 3385.58,1
2437,09:30:02,$ 3385.58,1
2438,09:30:02,$ 3385.58,1
2439,09:30:02,$ 3385.58,5
2440,09:30:02,$ 3385.58,3
2441,09:30:02,$ 3385.58,20
2442,09:30:02,$ 3385.58,1
2443,09:30:02,$ 3385.58,10
2444,09:30:02,$ 3385.58,1
2445,09:30:02,$ 3385.58,1
2446,09:30:02,$ 3385.58,1
2447,09:30:02,$ 3385.58,1
2448,09:30:02,$ 3385.58,10
2449,09:30:02,$ 3385.58,10
2450,09:30:02,$ 3385.58,3
2451,09:30:02,$ 3385.58,1
2452,09:30:02,$ 3385.58,1
2453,09:30:02,$ 3385.58,1
2454,09:30:02,$ 3385.58,5
2455,09:30:02,$ 3385.58,2
2456,09:30:02,$ 3385.58,1
2458,09:30:02,$ 3385.58,1
2459,09:30:02,$ 3385.58,1
2460,09:30:02,$ 3385.58,1
2461,09:30:02,$ 3385.58,1
2462,09:30:02,$ 3385.58,1
2463,09:30:02,$ 3385.58,1
2464,09:30:02,$ 3385.58,6
2465,09:30:02,$ 3385.58,1
2466,09:30:02,$ 3385.58,1
2467,09:30:02,$ 3385.58,1
2468,09:30:02,$ 3385.58,1
2469,09:30:02,$ 3385.58,1
2470,09:30:02,$ 3385.58,1
2471,09:30:02,$ 3385.58,1
2472,09:30:02,$ 3385.58,1
2473,09:30:02,$ 3385.58,1
2474,09:30:02,$ 3385.58,1
2475,09:30:02,$ 3385.58,1
2476,09:30:02,$ 3385.58,1
2477,09:30:02,$ 3385.58,1
2479,09:30:02,$ 3385.58,1
2480,09:30:02,$ 3385.58,1
2481,09:30:02,$ 3385.58,1
2482,09:30:02,$ 3385.58,1
2483,09:30:02,$ 3385.58,1
2484,09:30:02,$ 3385.58,1
2485,09:30:02,$ 3385.58,1
2486,09:30:02,$ 3385.58,1
2487,09:30:02,$ 3385.58,1
2488,09:30:02,$ 3385.58,1
2489,09:30:02,$ 3385.58,1
2490,09:30:02,$ 3385.58,1
2491,09:30:02,$ 3385.58,1
2492,09:30:02,$ 3385.58,1
2493,09:30:02,$ 3385.58,1
2494,09:30:02,$ 3385.58,1
2495,09:30:02,$ 3385.58,1
2496,09:30:02,$ 3385.58,1
2497,09:30:02,$ 3385.58,1
2498,09:30:02,$ 3385.58,1
2500,09:30:02,$ 3385.58,1
2501,09:30:02,$ 3385.58,1
2502,09:30:02,$ 3385.58,1
2503,09:30:02,$ 3385.58,1
2504,09:30:02,$ 3385.58,1
2505,09:30:02,$ 3385.58,1
2506,09:30:02,$ 3385.58,1
2507,09:30:02,$ 3385.58,23
2508,09:30:02,$ 3385.58,1
2509,09:30:02,$ 3385.58,1
2510,09:30:02,$ 3385.58,1
2511,09:30:02,$ 3385.58,1
2512,09:30:02,$ 3385.58,1
2513,09:30:02,$ 3385.58,1
2514,09:30:02,$ 3385.58,1
2515,09:30:02,$ 3385.58,1
2516,09:30:02,$ 3385.58,1
2517,09:30:02,$ 3385.58,1
2518,09:30:02,$ 3385.58,1
2519,09:30:02,$ 3385.58,1
2521,09:30:02,$ 3385.58,1
2522,09:30:02,$ 3385.58,1
2523,09:30:02,$ 3385.58,1
2524,09:30:02,$ 3385.58,1
2525,09:30:02,$ 3385.58,1
2526,09:30:02,$ 3385.58,1
2527,09:30:02,$ 3385.58,1
2528,09:30:02,$ 3385.58,1
2529,09:30:02,$ 3385.58,1
2530,09:30:02,$ 3385.58,2
2531,09:30:02,$ 3385.58,1
2532,09:30:02,$ 3385.58,1
2533,09:30:02,$ 3385.58,1
2534,09:30:02,$ 3385.58,1
2535,09:30:02,$ 3385.58,1
2536,09:30:02,$ 3385.58,1
2537,09:30:02,$ 3385.58,1
2538,09:30:02,$ 3385.58,1
2539,09:30:02,$ 3385.58,1
2540,09:30:02,$ 3385.58,1
2542,09:30:02,$ 3385.58,1
2543,09:30:02,$ 3385.58,1
2544,09:30:02,$ 3385.58,1
2545,09:30:02,$ 3385.58,1
2546,09:30:02,$ 3385.58,1
2547,09:30:02,$ 3385.58,1
2548,09:30:02,$ 3385.58,1
2549,09:30:02,$ 3385.58,1
2550,09:30:02,$ 3385.58,1
2551,09:30:02,$ 3385.58,1
2552,09:30:02,$ 3385.58,1
2553,09:30:02,$ 3385.58,1
2554,09:30:02,$ 3385.58,1
2555,09:30:02,$ 3385.58,1
2556,09:30:02,$ 3385.58,1
2557,09:30:02,$ 3385.58,1
2558,09:30:02,$ 3385.58,1
2559,09:30:02,$ 3385.58,1
2560,09:30:02,$ 3385.58,1
2561,09:30:02,$ 3385.58,1
2563,09:30:02,$ 3385.58,1
2564,09:30:02,$ 3385.58,1
2565,09:30:02,$ 3385.58,1
2566,09:30:02,$ 3385.58,1
2567,09:30:02,$ 3385.58,1
2568,09:30:02,$ 3385.58,1
2569,09:30:02,$ 3385.58,1
2570,09:30:02,$ 3385.58,1
2571,09:30:02,$ 3385.58,1
2572,09:30:02,$ 3385.58,1
2573,09:30:02,$ 3385.58,1
2574,09:30:02,$ 3385.58,9
2575,09:30:02,$ 3385.58,1
2576,09:30:02,$ 3385.58,16
2577,09:30:02,$ 3385.58,1
2578,09:30:02,$ 3385.58,1
2579,09:30:02,$ 3385.58,1
2580,09:30:02,$ 3385.58,1
2581,09:30:02,$ 3385.58,1
2582,09:30:02,$ 3385.58,1
2584,09:30:02,$ 3385.58,1
2585,09:30:02,$ 3385.58,1
2586,09:30:02,$ 3385.58,1
2587,09:30:02,$ 3385.58,1
2588,09:30:02,$ 3385.58,1
2589,09:30:02,$ 3385.58,1
2590,09:30:02,$ 3385.58,1
2591,09:30:02,$ 3385.58,1
2592,09:30:02,$ 3385.58,1
2593,09:30:02,$ 3385.58,1
2594,09:30:02,$ 3385.58,1
2595,09:30:02,$ 3385.58,1
2596,09:30:02,$ 3385.58,1
2597,09:30:02,$ 3385.58,1
2598,09:30:02,$ 3385.58,1
2599,09:30:02,$ 3385.58,1
2600,09:30:02,$ 3385.58,1
2601,09:30:02,$ 3385.58,1
2602,09:30:02,$ 3385.58,1
2603,09:30:02,$ 3385.58,1
2605,09:30:02,$ 3385.58,1
2606,09:30:02,$ 3385.58,1
2607,09:30:02,$ 3385.58,1
2608,09:30:02,$ 3385.58,1
2609,09:30:02,$ 3385.58,1
2610,09:30:02,$ 3385.58,1
2611,09:30:02,$ 3385.58,1
2612,09:30:02,$ 3385.58,1
2613,09:30:02,$ 3385.58,1
2614,09:30:02,$ 3385.58,1
2615,09:30:02,$ 3385.58,1
2616,09:30:02,$ 3385.58,1
2617,09:30:02,$ 3385.58,1
2618,09:30:02,$ 3385.58,1
2619,09:30:02,$ 3385.58,1
2620,09:30:02,$ 3385.58,1
2621,09:30:02,$ 3385.58,1
2622,09:30:02,$ 3385.58,1
2623,09:30:02,$ 3385.58,1
2624,09:30:02,$ 3385.58,1
2626,09:30:02,$ 3385.58,1
2627,09:30:02,$ 3385.58,1
2628,09:30:02,$ 3385.58,1
2629,09:30:02,$ 3385.58,1
2630,09:30:02,$ 3385.58,1
2631,09:30:02,$ 3385.58,1
2632,09:30:02,$ 3385.58,1
2633,09:30:02,$ 3385.58,1
2634,09:30:02,$ 3385.58,1
2635,09:30:02,$ 3385.58,1
2636,09:30:02,$ 3385.58,1
2637,09:30:02,$ 3385.58,1
2638,09:30:02,$ 3385.58,1
2639,09:30:02,$ 3385.58,1
2640,09:30:02,$ 3385.58,1
2641,09:30:02,$ 3385.58,1
2642,09:30:02,$ 3385.58,1
2643,09:30:02,$ 3385.58,1
2644,09:30:02,$ 3385.58,1
2645,09:30:02,$ 3385.58,1
2647,09:30:02,$ 3385.58,1
2648,09:30:02,$ 3385.58,1
2649,09:30:02,$ 3385.58,1
2650,09:30:02,$ 3385.58,1
2651,09:30:02,$ 3385.58,1
2652,09:30:02,$ 3385.58,1
2653,09:30:02,$ 3385.58,1
2654,09:30:02,$ 3385.58,1
2655,09:30:02,$ 3385.58,1
2656,09:30:02,$ 3385.58,1
2657,09:30:02,$ 3385.58,1
2658,09:30:02,$ 3385.58,1
2659,09:30:02,$ 3385.58,1
2660,09:30:02,$ 3385.58,1
2661,09:30:02,$ 3385.58,1
2662,09:30:02,$ 3385.58,1
2663,09:30:02,$ 3385.58,1
2664,09:30:02,$ 3385.58,1
2665,09:30:02,$ 3385.58,1
2666,09:30:02,$ 3385.58,1
2668,09:30:02,$ 3385.58,1
2669,09:30:02,$ 3385.58,1
2670,09:30:02,$ 3385.58,1
2671,09:30:02,$ 3385.58,1
2672,09:30:02,$ 3385.58,1
2673,09:30:02,$ 3385.58,1
2674,09:30:02,$ 3385.58,1
2675,09:30:02,$ 3385.58,1
2676,09:30:02,$ 3385.58,1
2677,09:30:02,$ 3385.58,1
2678,09:30:02,$ 3385.58,1
2679,09:30:02,$ 3385.58,1
2680,09:30:02,$ 3385.58,1
2681,09:30:02,$ 3385.58,1
2682,09:30:02,$ 3385.58,1
2683,09:30:02,$ 3385.58,1
2684,09:30:02,$ 3385.58,1
2685,09:30:02,$ 3385.58,1
2686,09:30:02,$ 3385.58,1
2687,09:30:02,$ 3385.58,1
2689,09:30:02,$ 3385.58,1
2690,09:30:02,$ 3385.58,1
2691,09:30:02,$ 3385.58,1
2692,09:30:02,$ 3385.58,1
2693,09:30:02,$ 3385.58,1
2694,09:30:02,$ 3385.58,1
2695,09:30:02,$ 3385.58,1
2696,09:30:02,$ 3385.58,1
2697,09:30:02,$ 3385.58,1
2698,09:30:02,$ 3385.58,1
2699,09:30:02,$ 3385.58,1
2700,09:30:02,$ 3385.58,1
2701,09:30:02,$ 3385.58,1
2702,09:30:02,$ 3385.58,1
2703,09:30:02,$ 3385.58,1
2704,09:30:02,$ 3385.58,1
2705,09:30:02,$ 3385.58,1
2706,09:30:02,$ 3385.58,1
2707,09:30:02,$ 3385.58,1
2708,09:30:02,$ 3385.58,1
2710,09:30:02,$ 3385.58,1
2711,09:30:02,$ 3385.58,1
2712,09:30:02,$ 3385.58,1
2713,09:30:02,$ 3385.58,1
2714,09:30:02,$ 3385.58,1
2715,09:30:02,$ 3385.58,1
2716,09:30:02,$ 3385.58,1
2717,09:30:02,$ 3385.58,1
2718,09:30:02,$ 3385.58,1
2719,09:30:02,$ 3385.58,1
2720,09:30:02,$ 3385.58,1
2721,09:30:02,$ 3385.58,1
2722,09:30:02,$ 3385.58,1
2723,09:30:02,$ 3385.58,1
2724,09:30:02,$ 3385.58,1
2725,09:30:02,$ 3385.58,1
2726,09:30:02,$ 3385.58,1
2727,09:30:02,$ 3385.58,1
2728,09:30:02,$ 3385.58,1
2729,09:30:02,$ 3385.58,1
2731,09:30:02,$ 3385.58,1
2732,09:30:02,$ 3385.58,1
2733,09:30:02,$ 3385.58,1
2734,09:30:02,$ 3385.58,1
2735,09:30:02,$ 3385.58,1
2736,09:30:02,$ 3385.58,1
2737,09:30:02,$ 3385.58,1
2738,09:30:02,$ 3385.58,1
2739,09:30:02,$ 3385.58,1
2740,09:30:02,$ 3385.58,1
2741,09:30:02,$ 3385.58,1
2742,09:30:02,$ 3385.58,1
2743,09:30:02,$ 3385.58,1
2744,09:30:02,$ 3385.58,1
2745,09:30:02,$ 3385.58,1
2746,09:30:02,$ 3385.58,1
2747,09:30:02,$ 3385.58,1
2748,09:30:02,$ 3385.58,1
2749,09:30:02,$ 3385.58,1
2750,09:30:02,$ 3385.58,1
2752,09:30:02,$ 3385.58,1
2753,09:30:02,$ 3385.58,1
2754,09:30:02,$ 3385.58,1
2755,09:30:02,$ 3385.58,1
2756,09:30:02,$ 3385.58,2
2757,09:30:02,$ 3385.58,1
2758,09:30:02,$ 3385.58,1
2759,09:30:02,$ 3385.58,1
2760,09:30:02,$ 3385.58,1
2761,09:30:02,$ 3385.58,1
2762,09:30:02,$ 3385.58,1
2763,09:30:02,$ 3385.58,1
2764,09:30:02,$ 3385.58,1
2765,09:30:02,$ 3385.58,1
2766,09:30:02,$ 3385.58,1
2767,09:30:02,$ 3385.58,1
2768,09:30:02,$ 3385.58,1
2769,09:30:02,$ 3385.58,1
2770,09:30:02,$ 3385.58,1
2771,09:30:02,$ 3385.58,1
2773,09:30:02,$ 3385.58,1
2774,09:30:02,$ 3385.58,1
2775,09:30:02,$ 3385.58,1
2776,09:30:02,$ 3385.58,1
2777,09:30:02,$ 3385.58,1
2778,09:30:02,$ 3385.58,1
2779,09:30:02,$ 3385.58,1
2780,09:30:02,$ 3385.58,1
2781,09:30:02,$ 3385.58,1
2782,09:30:02,$ 3385.58,1
2783,09:30:02,$ 3385.58,1
2784,09:30:02,$ 3385.58,1
2785,09:30:02,$ 3385.58,1
2786,09:30:02,$ 3385.58,1
2787,09:30:02,$ 3385.58,1
2788,09:30:02,$ 3385.58,3
2789,09:30:02,$ 3385.58,1
2790,09:30:02,$ 3385.58,1
2791,09:30:02,$ 3385.58,2
2792,09:30:02,$ 3385.58,3
2794,09:30:02,$ 3385.58,3
2795,09:30:02,$ 3385.58,1
2796,09:30:02,$ 3385.58,1
2797,09:30:02,$ 3385.58,3
2798,09:30:02,$ 3385.58,10
2799,09:30:02,$ 3385.58,3
2800,09:30:02,$ 3385.58,34
2801,09:30:02,$ 3385.58,2
2802,09:30:02,$ 3385.58,1
2803,09:30:02,$ 3385.58,2
2804,09:30:02,$ 3385.58,4
2805,09:30:02,$ 3385.58,7
2806,09:30:02,$ 3385.58,1
2807,09:30:02,$ 3385.58,15
2808,09:30:02,$ 3385.58,1
2809,09:30:02,$ 3385.58,2
2810,09:30:02,$ 3385.58,3
2811,09:30:02,$ 3385.58,1
2812,09:30:02,$ 3385.58,2
2813,09:30:02,$ 3385.58,3
2815,09:30:02,$ 3385.58,7
2816,09:30:02,$ 3385.58,1
2817,09:30:02,$ 3385.58,2
2818,09:30:02,$ 3385.58,3
2819,09:30:02,$ 3385.58,5
2820,09:30:02,$ 3385.58,2
2821,09:30:02,$ 3385.58,1
2822,09:30:02,$ 3385.58,7
2823,09:30:02,$ 3385.58,3
2824,09:30:02,$ 3385.58,2
2825,09:30:02,$ 3385.58,1
2826,09:30:02,$ 3385.58,1
2827,09:30:02,$ 3385.58,1
2828,09:30:02,$ 3385.58,1
2829,09:30:02,$ 3385.58,2
2830,09:30:02,$ 3385.58,1
2831,09:30:02,$ 3385.58,1
2832,09:30:02,$ 3385.58,1
2833,09:30:02,$ 3385.58,1
2834,09:30:02,$ 3385.58,2
2836,09:30:02,$ 3385.58,1
2837,09:30:02,$ 3385.58,1
2838,09:30:02,$ 3385.58,10
2839,09:30:02,$ 3385.58,1
2840,09:30:02,$ 3385.58,61
2841,09:30:02,$ 3385.58,1
2842,09:30:02,$ 3385.58,1
2843,09:30:02,$ 3385.58,10
2844,09:30:02,$ 3385.58,1
2845,09:30:02,$ 3385.58,4
2846,09:30:02,$ 3385.58,4
2847,09:30:02,$ 3385.58,4
2848,09:30:02,$ 3385.58,2
2849,09:30:02,$ 3385.58,3
2850,09:30:02,$ 3385.58,7
2851,09:30:02,$ 3385.58,3
2852,09:30:02,$ 3385.58,2
2853,09:30:02,$ 3385.58,1
2854,09:30:02,$ 3385.58,1
2855,09:30:02,$ 3385.58,2
2857,09:30:02,$ 3385.58,3
2858,09:30:02,$ 3385.58,10
2859,09:30:02,$ 3385.58,5
2860,09:30:02,$ 3385.58,1
2861,09:30:02,$ 3385.58,2
2862,09:30:02,$ 3385.58,1
2863,09:30:02,$ 3385.58,1
2864,09:30:02,$ 3385.58,6
2865,09:30:02,$ 3385.58,2
2866,09:30:02,$ 3385.58,5
2867,09:30:02,$ 3385.58,1
2868,09:30:02,$ 3385.58,3
2869,09:30:02,$ 3385.58,1
2870,09:30:02,$ 3385.58,22
2871,09:30:02,$ 3385.58,9
2872,09:30:02,$ 3385.58,1
2873,09:30:02,$ 3385.58,1
2874,09:30:02,$ 3385.58,12
2875,09:30:02,$ 3385.58,2
2876,09:30:02,$ 3385.58,3
2878,09:30:02,$ 3385.58,1
2879,09:30:02,$ 3385.58,1
2880,09:30:02,$ 3385.58,1
2881,09:30:02,$ 3385.58,1
2882,09:30:02,$ 3385.58,1
2883,09:30:02,$ 3385.58,1
2884,09:30:02,$ 3385.58,1
2885,09:30:02,$ 3385.58,1
2886,09:30:02,$ 3385.58,1
2887,09:30:02,$ 3385.58,1
2888,09:30:02,$ 3385.58,1
2889,09:30:02,$ 3385.58,1
2890,09:30:02,$ 3385.58,1
2891,09:30:02,$ 3385.58,1
2892,09:30:02,$ 3385.58,1
2893,09:30:02,$ 3385.58,1
2894,09:30:02,$ 3385.58,1
2895,09:30:02,$ 3385.58,1
2896,09:30:02,$ 3385.58,1
2897,09:30:02,$ 3385.58,1
2899,09:30:02,$ 3385.58,1
2900,09:30:02,$ 3385.58,1
2901,09:30:02,$ 3385.58,1
2902,09:30:02,$ 3385.58,1
2903,09:30:02,$ 3385.58,1
2904,09:30:02,$ 3385.58,1
2905,09:30:02,$ 3385.58,1
2906,09:30:02,$ 3385.58,9
2907,09:30:02,$ 3385.58,12
2908,09:30:02,$ 3385.58,2
2909,09:30:02,$ 3385.58,8
2910,09:30:02,$ 3385.58,7
2911,09:30:02,$ 3385.58,30
2912,09:30:02,$ 3385.58,20
2913,09:30:02,$ 3385.58,4
2914,09:30:02,$ 3385.58,1
2915,09:30:02,$ 3385.58,87
2916,09:30:02,$ 3385.58,1
2917,09:30:02,$ 3385.58,9
2918,09:30:02,$ 3385.58,4
2920,09:30:02,$ 3385.58,4
2921,09:30:02,$ 3385.58,5
2922,09:30:02,$ 3385.58,22
2923,09:30:02,$ 3385.58,7
2924,09:30:02,$ 3385.58,5
2925,09:30:02,$ 3385.58,35
2926,09:30:02,$ 3385.58,1
2927,09:30:02,$ 3385.58,2
2928,09:30:02,$ 3385.58,5
2929,09:30:02,$ 3385.58,1
2930,09:30:02,$ 3385.58,60
2931,09:30:02,$ 3385.58,5
2932,09:30:02,$ 3385.58,69
2933,09:30:02,$ 3385.58,5
2934,09:30:02,$ 3385.58,10
2935,09:30:02,$ 3385.58,1
2936,09:30:02,$ 3385.58,9
2937,09:30:02,$ 3385.58,1
2938,09:30:02,$ 3385.58,12
2939,09:30:02,$ 3385.58,5
2941,09:30:02,$ 3385.58,2
2942,09:30:02,$ 3385.58,1
2943,09:30:02,$ 3385.58,1
2944,09:30:02,$ 3385.58,6
2945,09:30:02,$ 3385.58,118
2946,09:30:02,$ 3385.58,1
2947,09:30:02,$ 3385.58,2
2948,09:30:02,$ 3385.58,1
2949,09:30:02,$ 3385.58,5
2950,09:30:02,$ 3385.58,700
2951,09:30:02,$ 3385.58,9
2952,09:30:02,$ 3385.58,14
2953,09:30:02,$ 3385.58,1
2954,09:30:02,$ 3385.58,19
2955,09:30:02,$ 3385.58,100
2956,09:30:02,$ 3385.58,3
2957,09:30:02,$ 3385.58,2
2958,09:30:02,$ 3385.58,2
2959,09:30:02,$ 3385.58,1
2960,09:30:02,$ 3385.58,15
2962,09:30:02,$ 3385.58,1
2963,09:30:02,$ 3385.58,37
2964,09:30:02,$ 3385.58,37
2965,09:30:02,$ 3385.58,37
2966,09:30:02,$ 3385.58,32
2967,09:30:02,$ 3385.58,34
2968,09:30:02,$ 3385.58,20
2969,09:30:02,$ 3385.58,2
2970,09:30:02,$ 3385.58,169
2971,09:30:02,$ 3385.58,2
2972,09:30:02,$ 3385.58,1
2973,09:30:02,$ 3385.58,200
2974,09:30:02,$ 3385.58,36
2975,09:30:02,$ 3385.58,3
2976,09:30:02,$ 3385.58,8
2977,09:30:02,$ 3385.58,9
2978,09:30:02,$ 3385.58,4
2979,09:30:02,$ 3385.58,28
2980,09:30:02,$ 3385.58,1
2981,09:30:02,$ 3385.58,5
2983,09:30:02,$ 3385.58,5
2984,09:30:02,$ 3385.58,1
2985,09:30:02,$ 3385.58,10
2986,09:30:02,$ 3385.58,123
2987,09:30:02,$ 3385.58,1
2988,09:30:02,$ 3385.58,503
2989,09:30:02,$ 3385.58,17
2990,09:30:02,$ 3385.58,4
2991,09:30:02,$ 3385.58,6
2992,09:30:02,$ 3385.58,20
2993,09:30:02,$ 3385.58,100
2994,09:30:02,$ 3385.58,1
2995,09:30:02,$ 3385.58,300
2996,09:30:02,$ 3385.58,2
2997,09:30:02,$ 3385.58,5
2998,09:30:02,$ 3385.58,159
2999,09:30:02,$ 3385.58,4
3000,09:30:02,$ 3385.58,1
3001,09:30:02,$ 3385.58,8
3002,09:30:02,$ 3385.58,2
3004,09:30:02,$ 3385.58,5
3005,09:30:02,$ 3385.58,900
3006,09:30:02,$ 3385.58,1
3007,09:30:02,$ 3385.58,3
3008,09:30:02,$ 3385.58,16
3009,09:30:02,$ 3385.58,10
3010,09:30:02,$ 3385.58,7
3011,09:30:02,$ 3385.58,3
3012,09:30:02,$ 3385.58,1
3013,09:30:02,$ 3385.58,1
3014,09:30:02,$ 3385.58,105
3015,09:30:02,$ 3385.58,105
3016,09:30:02,$ 3385.58,6
3017,09:30:02,$ 3385.58,1
3018,09:30:02,$ 3385.58,1
3019,09:30:02,$ 3385.58,10
3020,09:30:02,$ 3385.58,1
3021,09:30:02,$ 3385.58,2
3022,09:30:02,$ 3385.58,1
3023,09:30:02,$ 3385.58,3
3025,09:30:02,$ 3385.58,3
3026,09:30:02,$ 3385.58,8
3027,09:30:02,$ 3385.58,1
3028,09:30:02,$ 3385.58,1
3029,09:30:02,$ 3385.58,4
3030,09:30:02,$ 3385.58,16
3031,09:30:02,$ 3385.58,1
3032,09:30:02,$ 3385.58,4
3033,09:30:02,$ 3385.58,5
3034,09:30:02,$ 3385.58,3
3035,09:30:02,$ 3385.58,5
3036,09:30:02,$ 3385.58,3
3037,09:30:02,$ 3385.58,2
3038,09:30:02,$ 3385.58,1
3039,09:30:02,$ 3385.58,5
3040,09:30:02,$ 3385.58,100
3041,09:30:02,$ 3385.58,348
3042,09:30:02,$ 3385.58,227
3043,09:30:02,$ 3385.58,1
3044,09:30:02,$ 3385.58,1
3046,09:30:02,$ 3385.58,2
3047,09:30:02,$ 3385.58,1
3048,09:30:02,$ 3385.58,1
3049,09:30:02,$ 3385.58,8
3050,09:30:02,$ 3385.58,1
3051,09:30:02,$ 3385.58,13
3052,09:30:02,$ 3385.58,5
3053,09:30:02,$ 3385.58,1
3054,09:30:02,$ 3385.58,2
3055,09:30:02,$ 3385.58,1
3056,09:30:02,$ 3385.58,2
3057,09:30:02,$ 3385.58,100
3058,09:30:02,$ 3385.58,13
3059,09:30:02,$ 3385.58,14
3060,09:30:02,$ 3385.58,4
3061,09:30:02,$ 3385.58,1
3062,09:30:02,$ 3385.58,1
3063,09:30:02,$ 3385.58,1
3064,09:30:02,$ 3385.58,1
3065,09:30:02,$ 3385.58,1
3067,09:30:02,$ 3385.58,100
3068,09:30:02,$ 3385.58,1
3069,09:30:02,$ 3385.58,50
3070,09:30:02,$ 3385.58,1
3071,09:30:02,$ 3385.58,2
3072,09:30:02,$ 3385.58,1
3073,09:30:02,$ 3385.58,9
3074,09:30:02,$ 3385.58,1
3075,09:30:02,$ 3385.58,1
3076,09:30:02,$ 3385.58,1
3077,09:30:02,$ 3385.58,1
3078,09:30:02,$ 3385.58,10
3079,09:30:02,$ 3385.58,5
3080,09:30:02,$ 3385.58,2
3081,09:30:02,$ 3385.58,3
3082,09:30:02,$ 3385.58,3
3083,09:30:02,$ 3385.58,1
3084,09:30:02,$ 3385.58,5
3085,09:30:02,$ 3385.58,3
3086,09:30:02,$ 3385.58,30
3088,09:30:02,$ 3385.58,1
3089,09:30:02,$ 3385.58,2
3090,09:30:02,$ 3385.58,1
3091,09:30:02,$ 3385.58,1
3092,09:30:02,$ 3385.58,1
3093,09:30:02,$ 3385.58,20
3094,09:30:02,$ 3385.58,11
3095,09:30:02,$ 3385.58,1
3096,09:30:02,$ 3385.58,5
3097,09:30:02,$ 3385.58,1
3098,09:30:02,$ 3385.58,7
3099,09:30:02,$ 3385.58,50
3100,09:30:02,$ 3385.58,58
3101,09:30:02,$ 3385.58,2
3102,09:30:02,$ 3385.58,4
3103,09:30:02,$ 3385.58,1
3104,09:30:02,$ 3385.58,32
3105,09:30:02,$ 3385.58,1
3106,09:30:02,$ 3385.58,33
3107,09:30:02,$ 3385.58,100
3109,09:30:02,$ 3385.58,11
3110,09:30:02,$ 3385.58,1
3111,09:30:02,$ 3385.58,45
3112,09:30:02,$ 3385.58,126
3113,09:30:02,$ 3385.58,2
3114,09:30:02,$ 3385.58,1
3115,09:30:02,$ 3385.58,4
3116,09:30:02,$ 3385.58,2
3117,09:30:02,$ 3385.58,2
3118,09:30:02,$ 3385.58,1
3119,09:30:02,$ 3385.58,5
3120,09:30:02,$ 3385.58,"2,000"
3121,09:30:02,$ 3385.58,3
3122,09:30:02,$ 3385.58,1
3123,09:30:02,$ 3385.58,3
3124,09:30:02,$ 3385.58,2
3125,09:30:02,$ 3385.58,4
3126,09:30:02,$ 3385.58,1
3127,09:30:02,$ 3385.58,1
3128,09:30:02,$ 3385.58,2
3130,09:30:02,$ 3385.58,1
3131,09:30:02,$ 3385.58,3
3132,09:30:02,$ 3385.58,2
3133,09:30:02,$ 3385.58,1
3134,09:30:02,$ 3385.58,1
3135,09:30:02,$ 3385.58,1
3136,09:30:02,$ 3385.58,3
3137,09:30:02,$ 3385.58,1
3138,09:30:02,$ 3385.58,3
3139,09:30:02,$ 3385.58,1
3140,09:30:02,$ 3385.58,2
3141,09:30:02,$ 3385.58,1
3142,09:30:02,$ 3385.58,1
3143,09:30:02,$ 3385.58,1
3144,09:30:02,$ 3385.58,1
3145,09:30:02,$ 3385.58,30
3146,09:30:02,$ 3385.58,1
3147,09:30:02,$ 3385.58,10
3148,09:30:02,$ 3385.58,5
3149,09:30:02,$ 3385.58,10
3151,09:30:02,$ 3385.58,3
3152,09:30:02,$ 3385.58,6
3153,09:30:02,$ 3385.58,5
3154,09:30:02,$ 3385.58,1
3155,09:30:02,$ 3385.58,3
3156,09:30:02,$ 3385.58,1
3157,09:30:02,$ 3385.58,1
3158,09:30:02,$ 3385.58,3
3159,09:30:02,$ 3385.58,1
3160,09:30:02,$ 3385.58,1
3161,09:30:02,$ 3385.58,3
3162,09:30:02,$ 3385.58,1
3163,09:30:02,$ 3385.58,1
3164,09:30:02,$ 3385.58,2
3165,09:30:02,$ 3385.58,7
3166,09:30:02,$ 3385.58,5
3167,09:30:02,$ 3385.58,2
3168,09:30:02,$ 3385.58,1
3169,09:30:02,$ 3385.58,1
3170,09:30:02,$ 3385.58,1
3172,09:30:02,$ 3385.58,1
3173,09:30:02,$ 3385.58,3
3174,09:30:02,$ 3385.58,1
3175,09:30:02,$ 3385.58,2
3176,09:30:02,$ 3385.58,1
3177,09:30:02,$ 3385.58,7
3178,09:30:02,$ 3385.58,4
3179,09:30:02,$ 3385.58,1
3180,09:30:02,$ 3385.58,3
3181,09:30:02,$ 3385.58,2
3182,09:30:02,$ 3385.58,12
3183,09:30:02,$ 3385.58,3
3184,09:30:02,$ 3385.58,27
3185,09:30:02,$ 3385.58,1
3186,09:30:02,$ 3385.58,1
3187,09:30:02,$ 3385.58,5
3188,09:30:02,$ 3385.58,1
3189,09:30:02,$ 3385.58,3
3190,09:30:02,$ 3385.58,2
3191,09:30:02,$ 3385.58,1
3193,09:30:02,$ 3385.58,1
3194,09:30:02,$ 3385.58,1
3195,09:30:02,$ 3385.58,5
3196,09:30:02,$ 3385.58,1
3197,09:30:02,$ 3385.58,1
3198,09:30:02,$ 3385.58,1
3199,09:30:02,$ 3385.58,1
3200,09:30:02,$ 3385.58,13
3201,09:30:02,$ 3385.58,2
3202,09:30:02,$ 3385.58,1
3203,09:30:02,$ 3385.58,1
3204,09:30:02,$ 3385.58,1
3205,09:30:02,$ 3385.58,30
3206,09:30:02,$ 3385.58,1
3207,09:30:02,$ 3385.58,1
3208,09:30:02,$ 3385.58,1
3209,09:30:02,$ 3385.58,2
3210,09:30:02,$ 3385.58,1
3211,09:30:02,$ 3385.58,5
3212,09:30:02,$ 3385.58,1
3214,09:30:02,$ 3385.58,1
3215,09:30:02,$ 3385.58,1
3216,09:30:02,$ 3385.58,2
3217,09:30:02,$ 3385.58,3
3218,09:30:02,$ 3385.58,1
3219,09:30:02,$ 3385.58,1
3220,09:30:02,$ 3385.58,1
3221,09:30:02,$ 3385.58,1
3222,09:30:02,$ 3385.58,1
3223,09:30:02,$ 3385.58,1
3224,09:30:02,$ 3385.58,1
3225,09:30:02,$ 3385.58,1
3226,09:30:02,$ 3385.58,1
3227,09:30:02,$ 3385.58,1
3228,09:30:02,$ 3385.58,2
3229,09:30:02,$ 3385.58,3
3230,09:30:02,$ 3385.58,1
3231,09:30:02,$ 3385.58,1
3232,09:30:02,$ 3385.58,1
3233,09:30:02,$ 3385.58,1
3235,09:30:02,$ 3385.58,1
3236,09:30:02,$ 3385.58,1
3237,09:30:02,$ 3385.58,1
3238,09:30:02,$ 3385.58,3
3239,09:30:02,$ 3385.58,1
3240,09:30:02,$ 3385.58,1
3241,09:30:02,$ 3385.58,4
3242,09:30:02,$ 3385.58,3
3243,09:30:02,$ 3385.58,2
3244,09:30:02,$ 3385.58,1
3245,09:30:02,$ 3385.58,1
3246,09:30:02,$ 3385.58,1
3247,09:30:02,$ 3385.58,1
3248,09:30:02,$ 3385.58,1
3249,09:30:02,$ 3385.58,1
3250,09:30:02,$ 3385.58,3
3251,09:30:02,$ 3385.58,3
3252,09:30:02,$ 3385.58,1
3253,09:30:02,$ 3385.58,1
3254,09:30:02,$ 3385.58,1
3256,09:30:02,$ 3385.58,1
3257,09:30:02,$ 3385.58,1
3258,09:30:02,$ 3385.58,2
3259,09:30:02,$ 3385.58,3
3260,09:30:02,$ 3385.58,1
3261,09:30:02,$ 3385.58,1
3262,09:30:02,$ 3385.58,2
3263,09:30:02,$ 3385.58,10
3264,09:30:02,$ 3385.58,20
3265,09:30:02,$ 3385.58,6
3266,09:30:02,$ 3385.58,1
3267,09:30:02,$ 3385.58,30
3268,09:30:02,$ 3385.58,2
3269,09:30:02,$ 3385.58,4
3270,09:30:02,$ 3385.58,5
3271,09:30:02,$ 3385.58,2
3272,09:30:02,$ 3385.58,1
3273,09:30:02,$ 3385.58,37
3274,09:30:02,$ 3385.58,3
3275,09:30:02,$ 3385.58,6
3277,09:30:02,$ 3385.58,5
3278,09:30:02,$ 3385.58,20
3279,09:30:02,$ 3385.58,2
3280,09:30:02,$ 3385.58,2
3281,09:30:02,$ 3385.58,30
3282,09:30:02,$ 3385.58,5
3283,09:30:02,$ 3385.58,6
3284,09:30:02,$ 3385.58,1
3285,09:30:02,$ 3385.58,20
3286,09:30:02,$ 3385.58,5
3287,09:30:02,$ 3385.58,30
3288,09:30:02,$ 3385.58,6
3289,09:30:02,$ 3385.58,1
3290,09:30:02,$ 3385.58,20
3291,09:30:02,$ 3385.58,2
3292,09:30:02,$ 3385.58,1
3293,09:30:02,$ 3385.58,17
3294,09:30:02,$ 3385.58,10
3295,09:30:02,$ 3385.58,4
3296,09:30:02,$ 3385.58,8
3298,09:30:02,$ 3385.58,120
3299,09:30:02,$ 3385.58,1
3300,09:30:02,$ 3385.58,80
3301,09:30:02,$ 3385.58,1
3302,09:30:02,$ 3385.58,4
3303,09:30:02,$ 3385.58,1
3304,09:30:02,$ 3385.58,1
3305,09:30:02,$ 3385.58,15
3306,09:30:02,$ 3385.58,252
3307,09:30:02,$ 3385.58,146
3308,09:30:02,$ 3385.58,5
3309,09:30:02,$ 3385.58,1
3310,09:30:02,$ 3385.58,10
3311,09:30:02,$ 3385.58,4
3312,09:30:02,$ 3385.58,1
3313,09:30:02,$ 3385.58,1
3314,09:30:02,$ 3385.58,3
3315,09:30:02,$ 3385.58,1
3316,09:30:02,$ 3385.58,4
3317,09:30:02,$ 3385.58,15
3319,09:30:02,$ 3385.58,2
3320,09:30:02,$ 3385.58,3
3321,09:30:02,$ 3385.58,1
3322,09:30:02,$ 3385.58,25
3323,09:30:02,$ 3385.58,2
3324,09:30:02,$ 3385.58,1
3325,09:30:02,$ 3385.58,3
3326,09:30:02,$ 3385.58,10
3327,09:30:02,$ 3385.58,4
3328,09:30:02,$ 3385.58,5
3329,09:30:02,$ 3385.58,9
3330,09:30:02,$ 3385.58,5
3331,09:30:02,$ 3385.58,5
3332,09:30:02,$ 3385.58,6
3333,09:30:02,$ 3385.58,2
3334,09:30:02,$ 3385.58,1
3335,09:30:02,$ 3385.58,2
3336,09:30:02,$ 3385.58,1
3337,09:30:02,$ 3385.58,1
3338,09:30:02,$ 3385.58,2
3340,09:30:02,$ 3385.58,14
3341,09:30:02,$ 3385.58,2
3342,09:30:02,$ 3385.58,13
3343,09:30:02,$ 3385.58,5
3344,09:30:02,$ 3385.58,7
3345,09:30:02,$ 3385.58,6
3346,09:30:02,$ 3385.58,3
3347,09:30:02,$ 3385.58,10
3348,09:30:02,$ 3385.58,1
3349,09:30:02,$ 3385.58,10
3350,09:30:02,$ 3385.58,1
3351,09:30:02,$ 3385.58,28
3352,09:30:02,$ 3385.58,3
3353,09:30:02,$ 3385.58,4
3354,09:30:02,$ 3385.58,40
3355,09:30:02,$ 3385.58,70
3356,09:30:02,$ 3385.58,1
3357,09:30:02,$ 3385.58,100
3358,09:30:02,$ 3385.58,10
3359,09:30:02,$ 3385.58,2
3361,09:30:02,$ 3385.58,1
3362,09:30:02,$ 3385.58,1
3363,09:30:02,$ 3385.58,2
3364,09:30:02,$ 3385.58,6
3365,09:30:02,$ 3385.58,1
3366,09:30:02,$ 3385.58,1
3367,09:30:02,$ 3385.58,1
3368,09:30:02,$ 3385.58,2
3369,09:30:02,$ 3385.58,2
3370,09:30:02,$ 3385.58,2
3371,09:30:02,$ 3385.58,1
3372,09:30:02,$ 3385.58,1
3373,09:30:02,$ 3385.58,2
3374,09:30:02,$ 3385.58,1
3375,09:30:02,$ 3385.58,14
3376,09:30:02,$ 3385.58,1
3377,09:30:02,$ 3385.58,1
3378,09:30:02,$ 3385.58,2
3379,09:30:02,$ 3385.58,1
3380,09:30:02,$ 3385.58,1
3382,09:30:02,$ 3385.58,2
3383,09:30:02,$ 3385.58,1
3384,09:30:02,$ 3385.58,150
3385,09:30:02,$ 3385.58,3
3386,09:30:02,$ 3385.58,1
3387,09:30:02,$ 3385.58,1
3388,09:30:02,$ 3385.58,1
3389,09:30:02,$ 3385.58,4
3390,09:30:02,$ 3385.58,1
3391,09:30:02,$ 3385.58,2
3392,09:30:02,$ 3385.58,3
3393,09:30:02,$ 3385.58,1
3394,09:30:02,$ 3385.58,1
3395,09:30:02,$ 3385.58,7
3396,09:30:02,$ 3385.58,4
3397,09:30:02,$ 3385.58,10
3398,09:30:02,$ 3385.58,19
3399,09:30:02,$ 3385.58,3
3400,09:30:02,$ 3385.58,12
3401,09:30:02,$ 3385.58,2
3403,09:30:02,$ 3385.58,1
3404,09:30:02,$ 3385.58,1
3405,09:30:02,$ 3385.58,1
3406,09:30:02,$ 3385.58,15
3407,09:30:02,$ 3385.58,9
3408,09:30:02,$ 3385.58,1
3409,09:30:02,$ 3385.58,3
3410,09:30:02,$ 3385.58,10
3411,09:30:02,$ 3385.58,1
3412,09:30:02,$ 3385.58,5
3413,09:30:02,$ 3385.58,2
3414,09:30:02,$ 3385.58,5
3415,09:30:02,$ 3385.58,25
3416,09:30:02,$ 3385.58,6
3417,09:30:02,$ 3385.58,2
3418,09:30:02,$ 3385.58,5
3419,09:30:02,$ 3385.58,1
3420,09:30:02,$ 3385.58,1
3421,09:30:02,$ 3385.58,24
3422,09:30:02,$ 3385.58,25
3424,09:30:02,$ 3385.58,25
3425,09:30:02,$ 3385.58,1
3426,09:30:02,$ 3385.58,1
3427,09:30:02,$ 3385.58,2
3428,09:30:02,$ 3385.58,4
3429,09:30:02,$ 3385.58,4
3430,09:30:02,$ 3385.58,10
3431,09:30:02,$ 3385.58,1
3432,09:30:02,$ 3385.58,10
3433,09:30:02,$ 3385.58,10
3434,09:30:02,$ 3385.58,6
3435,09:30:02,$ 3385.58,2
3436,09:30:02,$ 3385.58,1
3437,09:30:02,$ 3385.58,1
3438,09:30:02,$ 3385.58,1
3439,09:30:02,$ 3385.58,1
3440,09:30:02,$ 3385.58,1
3441,09:30:02,$ 3385.58,4
3442,09:30:02,$ 3385.58,3
3443,09:30:02,$ 3385.58,1
3445,09:30:02,$ 3385.58,1
3446,09:30:02,$ 3385.58,1
3447,09:30:02,$ 3385.58,1
3448,09:30:02,$ 3385.58,1
3449,09:30:02,$ 3385.58,6
3450,09:30:02,$ 3385.58,2
3451,09:30:02,$ 3385.58,2
3452,09:30:02,$ 3385.58,2
3453,09:30:02,$ 3385.58,5
3454,09:30:02,$ 3385.58,1
3455,09:30:02,$ 3385.58,5
3456,09:30:02,$ 3385.58,10
3457,09:30:02,$ 3385.58,2
3458,09:30:02,$ 3385.58,2
3459,09:30:02,$ 3385.58,3
3460,09:30:02,$ 3385.58,10
3461,09:30:02,$ 3385.58,1
3462,09:30:02,$ 3385.58,1
3463,09:30:02,$ 3385.58,1
3464,09:30:02,$ 3385.58,4
3466,09:30:02,$ 3385.58,35
3467,09:30:02,$ 3385.58,1
3468,09:30:02,$ 3385.58,5
3469,09:30:02,$ 3385.58,17
3470,09:30:02,$ 3385.58,1
3471,09:30:02,$ 3385.58,6
3472,09:30:02,$ 3385.58,4
3473,09:30:02,$ 3385.58,1
3474,09:30:02,$ 3385.58,1
3475,09:30:02,$ 3385.58,4
3476,09:30:02,$ 3385.58,5
3477,09:30:02,$ 3385.58,1
3478,09:30:02,$ 3385.58,1
3479,09:30:02,$ 3385.58,1
3480,09:30:02,$ 3385.58,5
3481,09:30:02,$ 3385.58,1
3482,09:30:02,$ 3385.58,6
3483,09:30:02,$ 3385.58,1
3484,09:30:02,$ 3385.58,3
3485,09:30:02,$ 3385.58,3
3487,09:30:02,$ 3385.58,5
3488,09:30:02,$ 3385.58,1
3489,09:30:02,$ 3385.58,2
3490,09:30:02,$ 3385.58,100
3491,09:30:02,$ 3385.58,2
3492,09:30:02,$ 3385.58,3
3493,09:30:02,$ 3385.58,1
3494,09:30:02,$ 3385.58,10
3495,09:30:02,$ 3385.58,1
3496,09:30:02,$ 3385.58,5
3497,09:30:02,$ 3385.58,1
3498,09:30:02,$ 3385.58,1
3499,09:30:02,$ 3385.58,1
3500,09:30:02,$ 3385.58,2
3501,09:30:02,$ 3385.58,6
3502,09:30:02,$ 3385.58,3
3503,09:30:02,$ 3385.58,10
3504,09:30:02,$ 3385.58,1
3505,09:30:02,$ 3385.58,5
3506,09:30:02,$ 3385.58,3
3508,09:30:02,$ 3385.58,3
3509,09:30:02,$ 3385.58,1
3510,09:30:02,$ 3385.58,4
3511,09:30:02,$ 3385.58,1
3512,09:30:02,$ 3385.58,1
3513,09:30:02,$ 3385.58,2
3514,09:30:02,$ 3385.58,5
3515,09:30:02,$ 3385.58,2
3516,09:30:02,$ 3385.58,3
3517,09:30:02,$ 3385.58,2
3518,09:30:02,$ 3385.58,1
3519,09:30:02,$ 3385.58,1
3520,09:30:02,$ 3385.58,1
3521,09:30:02,$ 3385.58,1
3522,09:30:02,$ 3385.58,3
3523,09:30:02,$ 3385.58,35
3524,09:30:02,$ 3385.58,2
3525,09:30:02,$ 3385.58,2
3526,09:30:02,$ 3385.58,58
3527,09:30:02,$ 3385.58,1
3529,09:30:02,$ 3385.58,3
3530,09:30:02,$ 3385.58,4
3531,09:30:02,$ 3385.58,3
3532,09:30:02,$ 3385.58,4
3533,09:30:02,$ 3385.58,1
3534,09:30:02,$ 3385.58,1
3535,09:30:02,$ 3385.58,1
3536,09:30:02,$ 3385.58,3
3537,09:30:02,$ 3385.58,1
3538,09:30:02,$ 3385.58,10
3539,09:30:02,$ 3385.58,10
3540,09:30:02,$ 3385.58,1
3541,09:30:02,$ 3385.58,1
3542,09:30:02,$ 3385.58,15
3543,09:30:02,$ 3385.58,3
3544,09:30:02,$ 3385.58,20
3545,09:30:02,$ 3385.58,1
3546,09:30:02,$ 3385.58,5
3547,09:30:02,$ 3385.58,1
3548,09:30:02,$ 3385.58,3
3550,09:30:02,$ 3385.58,5
3551,09:30:02,$ 3385.58,8
3552,09:30:02,$ 3385.58,2
3553,09:30:02,$ 3385.58,13
3554,09:30:02,$ 3385.58,1
3555,09:30:02,$ 3385.58,7
3556,09:30:02,$ 3385.58,2
3557,09:30:02,$ 3385.58,3
3558,09:30:02,$ 3385.58,5
3559,09:30:02,$ 3385.58,7
3560,09:30:02,$ 3385.58,3
3561,09:30:02,$ 3385.58,1
3562,09:30:02,$ 3385.58,2
3563,09:30:02,$ 3385.58,1
3564,09:30:02,$ 3385.58,1
3565,09:30:02,$ 3385.58,1
3566,09:30:02,$ 3385.58,1
3567,09:30:02,$ 3385.58,1
3568,09:30:02,$ 3385.58,1
3569,09:30:02,$ 3385.58,5
3571,09:30:02,$ 3385.58,10
3572,09:30:02,$ 3385.58,2
3573,09:30:02,$ 3385.58,2
3574,09:30:02,$ 3385.58,10
3575,09:30:02,$ 3385.58,5
3576,09:30:02,$ 3385.58,5
3577,09:30:02,$ 3385.58,1
3578,09:30:02,$ 3385.58,1
3579,09:30:02,$ 3385.58,1
3580,09:30:02,$ 3385.58,1
3581,09:30:02,$ 3385.58,4
3582,09:30:02,$ 3385.58,1
3583,09:30:02,$ 3385.58,1
3584,09:30:02,$ 3385.58,59
3585,09:30:02,$ 3385.58,3
3586,09:30:02,$ 3385.58,1
3587,09:30:02,$ 3385.58,1
3588,09:30:02,$ 3385.58,1
3589,09:30:02,$ 3385.58,1
3590,09:30:02,$ 3385.58,1
3592,09:30:02,$ 3385.58,1
3593,09:30:02,$ 3385.58,2
3594,09:30:02,$ 3385.58,32
3595,09:30:02,$ 3385.58,34
3596,09:30:02,$ 3385.58,1
3597,09:30:02,$ 3385.58,4
3598,09:30:02,$ 3385.58,2
3599,09:30:02,$ 3385.58,25
3600,09:30:02,$ 3385.58,1
3601,09:30:02,$ 3385.58,1
3602,09:30:02,$ 3385.58,2
3603,09:30:02,$ 3385.58,1
3604,09:30:02,$ 3385.58,1
3605,09:30:02,$ 3385.58,3
3606,09:30:02,$ 3385.58,1
3607,09:30:02,$ 3385.58,1
3608,09:30:02,$ 3385.58,1
3609,09:30:02,$ 3385.58,1
3610,09:30:02,$ 3385.58,1
3611,09:30:02,$ 3385.58,1
3613,09:30:02,$ 3385.58,1
3614,09:30:02,$ 3385.58,1
3615,09:30:02,$ 3385.58,1
3616,09:30:02,$ 3385.58,1
3617,09:30:02,$ 3385.58,1
3618,09:30:02,$ 3385.58,1
3619,09:30:02,$ 3385.58,1
3620,09:30:02,$ 3385.58,1
3621,09:30:02,$ 3385.58,1
3622,09:30:02,$ 3385.58,1
3623,09:30:02,$ 3385.58,3
3624,09:30:02,$ 3385.58,1
3625,09:30:02,$ 3385.58,3
3626,09:30:02,$ 3385.58,1
3627,09:30:02,$ 3385.58,1
3628,09:30:02,$ 3385.58,1
3629,09:30:02,$ 3385.58,1
3630,09:30:02,$ 3385.58,1
3631,09:30:02,$ 3385.58,1
3632,09:30:02,$ 3385.58,2
3634,09:30:02,$ 3385.58,2
3635,09:30:02,$ 3385.58,1
3636,09:30:02,$ 3385.58,1
3637,09:30:02,$ 3385.58,1
3638,09:30:02,$ 3385.58,1
3639,09:30:02,$ 3385.58,1
3640,09:30:02,$ 3385.58,1
3641,09:30:02,$ 3385.58,1
3642,09:30:02,$ 3385.58,1
3643,09:30:02,$ 3385.58,1
3644,09:30:02,$ 3385.58,1
3645,09:30:02,$ 3385.58,1
3646,09:30:02,$ 3385.58,1
3647,09:30:02,$ 3385.58,1
3648,09:30:02,$ 3385.58,1
3649,09:30:02,$ 3385.58,9
3650,09:30:02,$ 3385.58,1
3651,09:30:02,$ 3385.58,1
3652,09:30:02,$ 3385.58,1
3653,09:30:02,$ 3385.58,1
3655,09:30:02,$ 3385.58,1
3656,09:30:02,$ 3385.58,1
3657,09:30:02,$ 3385.58,1
3658,09:30:02,$ 3385.58,1
3659,09:30:02,$ 3385.58,1
3660,09:30:02,$ 3385.58,1
3661,09:30:02,$ 3385.58,1
3662,09:30:02,$ 3385.58,1
3663,09:30:02,$ 3385.58,1
3664,09:30:02,$ 3385.58,1
3665,09:30:02,$ 3385.58,1
3666,09:30:02,$ 3385.58,1
3667,09:30:02,$ 3385.58,1
3668,09:30:02,$ 3385.58,1
3669,09:30:02,$ 3385.58,1
3670,09:30:02,$ 3385.58,1
3671,09:30:02,$ 3385.58,1
3672,09:30:02,$ 3385.58,1
3673,09:30:02,$ 3385.58,1
3674,09:30:02,$ 3385.58,1
3676,09:30:02,$ 3385.58,1
3677,09:30:02,$ 3385.58,1
3678,09:30:02,$ 3385.58,1
3679,09:30:02,$ 3385.58,1
3680,09:30:02,$ 3385.58,1
3681,09:30:02,$ 3385.58,1
3682,09:30:02,$ 3385.58,1
3683,09:30:02,$ 3385.58,1
3684,09:30:02,$ 3385.58,1
3685,09:30:02,$ 3385.58,1
3686,09:30:02,$ 3385.58,1
3687,09:30:02,$ 3385.58,1
3688,09:30:02,$ 3385.58,1
3689,09:30:02,$ 3385.58,1
3690,09:30:02,$ 3385.58,1
3691,09:30:02,$ 3385.58,1
3692,09:30:02,$ 3385.58,5
3693,09:30:02,$ 3385.58,69
3694,09:30:02,$ 3385.58,3
3695,09:30:02,$ 3385.58,1
3697,09:30:02,$ 3385.58,1
3698,09:30:02,$ 3385.58,1
3699,09:30:02,$ 3385.58,1
3700,09:30:02,$ 3385.58,1
3701,09:30:02,$ 3385.58,1
3702,09:30:02,$ 3385.58,1
3703,09:30:02,$ 3385.58,1
3704,09:30:02,$ 3385.58,1
3705,09:30:02,$ 3385.58,1
3706,09:30:02,$ 3385.58,1
3707,09:30:02,$ 3385.58,1
3708,09:30:02,$ 3385.58,1
3709,09:30:02,$ 3385.58,1
3710,09:30:02,$ 3385.58,1
3711,09:30:02,$ 3385.58,1
3712,09:30:02,$ 3385.58,1
3713,09:30:02,$ 3385.58,1
3714,09:30:02,$ 3385.58,1
3715,09:30:02,$ 3385.58,1
3716,09:30:02,$ 3385.58,1
3718,09:30:02,$ 3385.58,1
3719,09:30:02,$ 3385.58,1
3720,09:30:02,$ 3385.58,1
3721,09:30:02,$ 3385.58,1
3722,09:30:02,$ 3385.58,15
3723,09:30:02,$ 3385.58,17
3724,09:30:02,$ 3385.58,4
3725,09:30:02,$ 3385.58,84
3726,09:30:02,$ 3385.58,1
3727,09:30:02,$ 3385.58,1
3728,09:30:02,$ 3385.58,100
3729,09:30:02,$ 3385.58,1
3730,09:30:02,$ 3385.58,1
3731,09:30:02,$ 3385.58,5
3732,09:30:02,$ 3385.58,1
3733,09:30:02,$ 3385.58,5
3734,09:30:02,$ 3385.58,100
3735,09:30:02,$ 3385.58,10
3736,09:30:02,$ 3385.58,83
3737,09:30:02,$ 3385.58,25
3739,09:30:02,$ 3385.58,2
3740,09:30:02,$ 3385.58,83
3741,09:30:02,$ 3385.58,100
3742,09:30:02,$ 3385.58,83
3743,09:30:02,$ 3385.58,2
3744,09:30:02,$ 3385.58,1
3745,09:30:02,$ 3385.58,1
3746,09:30:02,$ 3385.58,4
3747,09:30:02,$ 3385.58,83
3748,09:30:02,$ 3385.58,2
3749,09:30:02,$ 3385.58,2
3750,09:30:02,$ 3385.58,16
3751,09:30:02,$ 3385.58,84
3752,09:30:02,$ 3385.58,83
3753,09:30:02,$ 3385.58,1
3754,09:30:02,$ 3385.58,83
3755,09:30:02,$ 3385.58,1
3756,09:30:02,$ 3385.58,3
3757,09:30:02,$ 3385.58,2
3758,09:30:02,$ 3385.58,5
3760,09:30:02,$ 3385.58,5
3761,09:30:02,$ 3385.58,2
3762,09:30:02,$ 3385.58,3
3763,09:30:02,$ 3385.58,2
3764,09:30:02,$ 3385.58,79
3765,09:30:02,$ 3385.58,83
3766,09:30:02,$ 3385.58,3
3767,09:30:02,$ 3385.58,1
3768,09:30:02,$ 3385.58,1
3769,09:30:02,$ 3385.58,83
3770,09:30:02,$ 3385.58,2
3771,09:30:02,$ 3385.58,84
3772,09:30:02,$ 3385.58,5
3773,09:30:02,$ 3385.58,50
3774,09:30:02,$ 3385.58,2
3775,09:30:02,$ 3385.58,1
3776,09:30:02,$ 3385.58,40
3777,09:30:02,$ 3385.58,1
3778,09:30:02,$ 3385.58,2
3779,09:30:02,$ 3385.58,74
3781,09:30:02,$ 3385.58,1
3782,09:30:02,$ 3385.58,83
3783,09:30:02,$ 3385.58,100
3784,09:30:02,$ 3385.58,83
3785,09:30:02,$ 3385.58,400
3786,09:30:02,$ 3385.58,83
3787,09:30:02,$ 3385.58,7
3788,09:30:02,$ 3385.58,1
3789,09:30:02,$ 3385.58,1
3790,09:30:02,$ 3385.58,1
3791,09:30:02,$ 3385.58,1
3792,09:30:02,$ 3385.58,176
3793,09:30:02,$ 3385.58,200
3794,09:30:02,$ 3385.58,1
3795,09:30:02,$ 3385.58,6
3796,09:30:02,$ 3385.58,"1,000"
3797,09:30:02,$ 3385.58,100
3798,09:30:02,$ 3385.58,20
3799,09:30:02,$ 3385.58,20
3800,09:30:02,$ 3385.58,1
3802,09:30:02,$ 3385.58,8
3803,09:30:02,$ 3385.58,10
3804,09:30:02,$ 3385.58,1
3805,09:30:02,$ 3385.58,1
3806,09:30:02,$ 3385.58,1
3807,09:30:02,$ 3385.58,5
3808,09:30:02,$ 3385.58,200
3809,09:30:02,$ 3385.58,1
3810,09:30:02,$ 3385.58,8
3811,09:30:02,$ 3385.58,2
3812,09:30:02,$ 3385.58,"1,000"
3813,09:30:02,$ 3385.58,10
3814,09:30:02,$ 3385.58,10
3815,09:30:02,$ 3385.58,1
3816,09:30:02,$ 3385.58,1
3817,09:30:02,$ 3385.58,15
3818,09:30:02,$ 3385.58,1
3819,09:30:02,$ 3385.58,10
3820,09:30:02,$ 3385.58,1
3821,09:30:02,$ 3385.58,1
3823,09:30:02,$ 3385.58,1
3824,09:30:02,$ 3385.58,1
3825,09:30:02,$ 3385.58,6
3826,09:30:02,$ 3385.58,13
3827,09:30:02,$ 3385.58,1
3828,09:30:02,$ 3385.58,191
3829,09:30:02,$ 3385.58,83
3830,09:30:02,$ 3385.58,1
3831,09:30:02,$ 3385.58,1
3832,09:30:02,$ 3385.58,3
3833,09:30:02,$ 3385.58,10
3834,09:30:02,$ 3385.58,84
3835,09:30:02,$ 3385.58,400
3836,09:30:02,$ 3385.58,1
3837,09:30:02,$ 3385.58,83
3838,09:30:02,$ 3385.58,1
3839,09:30:02,$ 3385.58,83
3840,09:30:02,$ 3385.58,1
3841,09:30:02,$ 3385.58,5
3842,09:30:02,$ 3385.58,1
3844,09:30:02,$ 3385.58,100
3845,09:30:02,$ 3385.58,5
3846,09:30:02,$ 3385.58,5
3847,09:30:02,$ 3385.58,7
3848,09:30:02,$ 3385.58,1
3849,09:30:02,$ 3385.58,1
3850,09:30:02,$ 3385.58,100
3851,09:30:02,$ 3385.58,83
3852,09:30:02,$ 3385.58,2
3853,09:30:02,$ 3385.58,83
3854,09:30:02,$ 3385.58,3
3855,09:30:02,$ 3385.58,1
3856,09:30:02,$ 3385.58,2
3857,09:30:02,$ 3385.58,84
3858,09:30:02,$ 3385.58,"1,000"
3859,09:30:02,$ 3385.58,2
3860,09:30:02,$ 3385.58,1
3861,09:30:02,$ 3385.58,1
3862,09:30:02,$ 3385.58,200
3863,09:30:02,$ 3385.58,1
3865,09:30:02,$ 3385.58,1
3866,09:30:02,$ 3385.58,83
3867,09:30:02,$ 3385.58,83
3868,09:30:02,$ 3385.58,30
3869,09:30:02,$ 3385.58,1
3870,09:30:02,$ 3385.58,83
3871,09:30:02,$ 3385.58,100
3872,09:30:02,$ 3385.58,2
3873,09:30:02,$ 3385.58,2
3874,09:30:02,$ 3385.58,100
3875,09:30:02,$ 3385.58,83
3876,09:30:02,$ 3385.58,5
3877,09:30:02,$ 3385.58,2
3878,09:30:02,$ 3385.58,100
3879,09:30:02,$ 3385.58,2
3880,09:30:02,$ 3385.58,3
3881,09:30:02,$ 3385.58,1
3882,09:30:02,$ 3385.58,100
3883,09:30:02,$ 3385.58,14
3884,09:30:02,$ 3385.58,84
3886,09:30:02,$ 3385.58,83
3887,09:30:02,$ 3385.58,10
3888,09:30:02,$ 3385.58,83
3889,09:30:02,$ 3385.58,4
3890,09:30:02,$ 3385.58,83
3891,09:30:02,$ 3385.58,30
3892,09:30:02,$ 3385.58,2
3893,09:30:02,$ 3385.58,83
3894,09:30:02,$ 3385.58,84
3895,09:30:02,$ 3385.58,83
3896,09:30:02,$ 3385.58,1
3897,09:30:02,$ 3385.58,5
3898,09:30:02,$ 3385.58,1
3899,09:30:02,$ 3385.58,5
3900,09:30:02,$ 3385.58,3
3901,09:30:02,$ 3385.58,2
3902,09:30:02,$ 3385.58,1
3903,09:30:02,$ 3385.58,1
3904,09:30:02,$ 3385.58,83
3905,09:30:02,$ 3385.58,1
3907,09:30:02,$ 3385.58,83
3908,09:30:02,$ 3385.58,83
3909,09:30:02,$ 3385.58,19
3910,09:30:02,$ 3385.58,4
3911,09:30:02,$ 3385.58,3
3912,09:30:02,$ 3385.58,1
3913,09:30:02,$ 3385.58,84
3914,09:30:02,$ 3385.58,15
3915,09:30:02,$ 3385.58,83
