,NLS Time (ET),NLS Price,NLS Share Volume
1,09:59:55,$ 3545.385,200
2,09:59:52,$ 3545.15,100
3,09:59:46,$ 3545.80,100
4,09:59:31,$ 3546.00,100
5,09:59:19,$ 3546.755,100
6,09:59:11,$ 3546.6956,100
7,09:59:08,$ 3546.50,100
8,09:58:56,$ 3546.525,100
9,09:58:45,$ 3546.53,200
10,09:58:43,$ 3546.67,131
11,09:58:36,$ 3546.00,100
12,09:58:36,$ 3546.615,200
13,09:58:26,$ 3546.565,100
14,09:57:39,$ 3546.79,100
15,09:57:39,$ 3546.84,352
16,09:57:23,$ 3545.00,300
17,09:57:21,$ 3545.00,100
18,09:57:08,$ 3545.12,100
19,09:57:03,$ 3546.565,100
20,09:57:02,$ 3545.61,200
22,09:56:49,$ 3545.1699,100
23,09:56:44,$ 3543.91,100
24,09:56:38,$ 3543.255,200
25,09:56:36,$ 3543.45,200
26,09:56:35,$ 3544.37,100
27,09:56:35,$ 3544.37,100
28,09:56:35,$ 3544.37,189
29,09:56:35,$ 3544.72,100
30,09:56:35,$ 3544.38,100
31,09:56:35,$ 3544.37,100
32,09:56:35,$ 3544.37,100
33,09:56:35,$ 3544.37,100
34,09:56:34,$ 3545.00,100
35,09:56:32,$ 3546.40,100
36,09:56:27,$ 3547.07,100
37,09:56:27,$ 3547.448,100
38,09:56:27,$ 3547.081,200
39,09:56:27,$ 3547.448,100
40,09:56:26,$ 3547.455,100
41,09:56:20,$ 3547.535,100
43,09:56:16,$ 3547.655,500
44,09:56:15,$ 3547.715,100
45,09:56:03,$ 3547.33,100
46,09:56:00,$ 3546.73,100
47,09:55:58,$ 3547.1367,114
48,09:55:58,$ 3547.1367,177
49,09:55:45,$ 3547.965,100
50,09:55:44,$ 3547.80,250
51,09:55:43,$ 3548.02,100
52,09:55:35,$ 3546.71,100
53,09:55:35,$ 3546.73,100
54,09:55:31,$ 3547.3234,400
55,09:55:29,$ 3547.7773,450
56,09:55:25,$ 3547.41,100
57,09:55:23,$ 3546.66,185
58,09:55:23,$ 3546.66,100
59,09:55:23,$ 3546.80,219
60,09:55:23,$ 3546.80,181
61,09:55:23,$ 3546.80,400
62,09:55:20,$ 3547.55,100
64,09:55:09,$ 3546.5401,200
65,09:54:46,$ 3549.47,100
66,09:54:46,$ 3549.46,100
67,09:54:43,$ 3548.76,100
68,09:54:43,$ 3549.24,100
69,09:54:42,$ 3549.99,400
70,09:54:39,$ 3549.14,200
71,09:54:38,$ 3549.14,100
72,09:54:38,$ 3549.57,100
73,09:54:38,$ 3549.52,100
74,09:54:38,$ 3549.49,100
75,09:54:38,$ 3549.60,100
76,09:54:38,$ 3549.56,100
77,09:54:38,$ 3549.58,100
78,09:54:37,$ 3549.00,100
79,09:54:37,$ 3549.00,100
80,09:54:37,$ 3549.00,100
81,09:54:37,$ 3549.00,139
82,09:54:37,$ 3549.00,200
83,09:54:37,$ 3548.91,100
85,09:54:37,$ 3548.83,100
86,09:54:36,$ 3548.865,100
87,09:54:36,$ 3548.45,100
88,09:54:36,$ 3548.68,131
89,09:54:36,$ 3548.00,100
90,09:54:36,$ 3548.00,100
91,09:54:36,$ 3547.00,600
92,09:54:36,$ 3547.40,200
93,09:54:36,$ 3547.00,100
94,09:54:33,$ 3546.8899,100
95,09:54:33,$ 3546.81,118
96,09:54:32,$ 3546.37,100
97,09:54:32,$ 3546.70,100
98,09:54:32,$ 3546.70,100
99,09:54:25,$ 3546.00,100
100,09:54:25,$ 3546.76,100
101,09:54:25,$ 3546.76,100
102,09:54:25,$ 3546.00,200
103,09:54:25,$ 3546.89,100
104,09:54:25,$ 3546.00,105
106,09:54:25,$ 3545.88,100
107,09:54:25,$ 3546.00,100
108,09:54:23,$ 3545.49,100
109,09:54:19,$ 3545.88,100
110,09:54:19,$ 3545.86,100
111,09:54:19,$ 3545.86,100
112,09:54:19,$ 3544.95,100
113,09:54:19,$ 3545.00,100
114,09:54:18,$ 3544.30,100
115,09:54:18,$ 3544.43,100
116,09:54:18,$ 3543.7318,251
117,09:54:08,$ 3543.06,100
118,09:54:04,$ 3542.80,100
119,09:54:00,$ 3542.26,100
120,09:53:55,$ 3542.88,100
121,09:53:55,$ 3541.00,100
122,09:53:55,$ 3541.51,100
123,09:53:55,$ 3541.00,402
124,09:53:55,$ 3541.08,100
125,09:53:55,$ 3541.66,100
127,09:53:55,$ 3541.66,100
128,09:53:55,$ 3542.03,100
129,09:53:55,$ 3542.03,100
130,09:53:51,$ 3542.3274,100
131,09:53:42,$ 3542.77,100
132,09:53:31,$ 3543.905,100
133,09:53:23,$ 3543.58,100
134,09:53:18,$ 3543.595,100
135,09:52:58,$ 3544.4596,100
136,09:52:53,$ 3544.29,200
137,09:52:48,$ 3544.745,100
138,09:52:48,$ 3544.135,100
139,09:52:48,$ 3544.778,100
140,09:52:48,$ 3544.52,100
141,09:52:48,$ 3544.72,100
142,09:52:48,$ 3543.92,100
143,09:52:31,$ 3545.8797,100
144,09:52:31,$ 3545.71,100
145,09:52:24,$ 3545.61,100
146,09:52:21,$ 3545.935,147
148,09:52:21,$ 3546.105,200
149,09:52:20,$ 3545.52,100
150,09:52:20,$ 3545.52,100
151,09:52:20,$ 3545.67,100
152,09:52:15,$ 3546.0746,100
153,09:52:06,$ 3545.80,200
154,09:52:05,$ 3545.56,200
155,09:52:03,$ 3545.29,100
156,09:52:00,$ 3544.6901,250
157,09:51:49,$ 3544.5801,120
158,09:51:47,$ 3545.10,100
159,09:51:44,$ 3544.88,100
160,09:51:44,$ 3545.00,100
161,09:51:43,$ 3544.04,214
162,09:51:41,$ 3544.1331,100
163,09:51:38,$ 3544.44,100
164,09:51:38,$ 3544.45,100
165,09:51:38,$ 3544.43,100
166,09:51:38,$ 3544.4499,100
167,09:51:34,$ 3544.1599,100
169,09:51:31,$ 3542.0801,100
170,09:51:00,$ 3541.11,100
171,09:51:00,$ 3541.11,100
172,09:50:38,$ 3541.955,120
173,09:50:31,$ 3542.125,200
174,09:50:25,$ 3542.22,100
175,09:50:25,$ 3542.00,100
176,09:50:09,$ 3541.44,100
177,09:50:09,$ 3541.44,100
178,09:50:09,$ 3541.72,100
179,09:50:09,$ 3541.72,100
180,09:50:04,$ 3541.5288,100
181,09:50:01,$ 3542.00,100
182,09:50:00,$ 3542.00,100
183,09:49:40,$ 3540.82,100
184,09:49:18,$ 3541.6199,100
185,09:49:05,$ 3541.9999,100
186,09:48:47,$ 3540.99,380
187,09:48:47,$ 3541.00,320
188,09:48:32,$ 3541.41,100
190,09:48:16,$ 3540.76,100
191,09:48:11,$ 3541.45,100
192,09:48:04,$ 3541.355,100
193,09:47:59,$ 3540.11,100
194,09:47:57,$ 3540.3197,250
195,09:47:56,$ 3538.61,100
196,09:47:42,$ 3540.12,100
197,09:47:42,$ 3539.89,100
198,09:47:29,$ 3539.50,100
199,09:47:11,$ 3540.6421,200
200,09:47:00,$ 3541.42,100
201,09:46:57,$ 3540.095,200
202,09:46:50,$ 3539.595,200
203,09:46:42,$ 3540.29,100
204,09:46:42,$ 3540.33,100
205,09:46:41,$ 3540.29,250
206,09:46:39,$ 3538.88,106
207,09:46:39,$ 3539.09,100
208,09:46:37,$ 3540.00,100
209,09:46:37,$ 3540.57,100
211,09:46:37,$ 3540.57,100
212,09:46:28,$ 3541.765,100
213,09:46:25,$ 3542.00,192
214,09:46:12,$ 3543.30,250
215,09:45:51,$ 3543.4366,200
216,09:45:49,$ 3543.6679,300
217,09:45:44,$ 3543.87,100
218,09:45:44,$ 3543.82,100
219,09:45:44,$ 3543.82,100
220,09:45:40,$ 3544.80,100
221,09:45:39,$ 3543.86,100
222,09:45:39,$ 3543.80,100
223,09:45:34,$ 3544.10,100
224,09:45:34,$ 3544.06,100
225,09:45:23,$ 3544.595,200
226,09:45:17,$ 3544.96,100
227,09:45:17,$ 3545.02,100
228,09:45:16,$ 3544.00,100
229,09:45:12,$ 3544.00,100
230,09:45:07,$ 3543.71,200
232,09:45:07,$ 3544.665,100
233,09:45:06,$ 3545.3699,200
234,09:45:05,$ 3544.355,100
235,09:45:02,$ 3543.335,100
236,09:45:00,$ 3543.20,100
237,09:45:00,$ 3543.20,100
238,09:45:00,$ 3544.39,100
239,09:45:00,$ 3543.22,100
240,09:44:57,$ 3543.645,163
241,09:44:55,$ 3544.19,100
242,09:44:55,$ 3544.17,137
243,09:44:55,$ 3544.315,200
244,09:44:55,$ 3543.68,400
245,09:44:54,$ 3543.935,120
246,09:44:51,$ 3544.53,100
247,09:44:51,$ 3544.0701,100
248,09:44:50,$ 3545.026,110
249,09:44:39,$ 3547.7198,100
250,09:44:37,$ 3546.92,110
251,09:44:37,$ 3547.9399,200
253,09:44:35,$ 3547.32,100
254,09:44:35,$ 3547.87,100
255,09:44:34,$ 3548.00,100
256,09:44:34,$ 3547.72,200
257,09:44:34,$ 3547.97,100
258,09:44:34,$ 3547.475,100
259,09:44:34,$ 3547.00,200
260,09:44:34,$ 3545.95,100
261,09:44:34,$ 3545.455,200
262,09:44:33,$ 3545.99,100
263,09:44:33,$ 3545.97,100
264,09:44:30,$ 3545.455,100
265,09:44:24,$ 3545.56,100
266,09:44:22,$ 3544.57,100
267,09:44:17,$ 3544.56,100
268,09:44:17,$ 3544.77,100
269,09:44:17,$ 3544.44,100
270,09:44:17,$ 3544.67,200
271,09:44:09,$ 3544.592,100
272,09:44:08,$ 3543.17,100
274,09:44:07,$ 3543.04,200
275,09:44:06,$ 3543.83,100
276,09:44:06,$ 3543.04,100
277,09:44:04,$ 3544.3299,200
278,09:44:03,$ 3543.00,100
279,09:44:00,$ 3541.8478,105
280,09:43:51,$ 3541.84,100
281,09:43:50,$ 3541.86,100
282,09:43:50,$ 3541.86,100
283,09:43:48,$ 3541.88,100
284,09:43:36,$ 3541.59,100
285,09:43:30,$ 3541.32,140
286,09:43:27,$ 3542.4909,100
287,09:43:17,$ 3541.2265,200
288,09:43:02,$ 3540.84,100
289,09:42:48,$ 3538.845,200
290,09:42:45,$ 3539.20,100
291,09:42:42,$ 3539.30,227
292,09:42:31,$ 3539.26,100
293,09:42:24,$ 3539.82,100
295,09:42:18,$ 3539.555,200
296,09:42:17,$ 3539.40,101
297,09:42:14,$ 3539.24,100
298,09:42:13,$ 3539.335,100
299,09:42:10,$ 3541.1999,100
300,09:42:09,$ 3540.29,246
301,09:42:06,$ 3541.57,100
302,09:42:02,$ 3541.095,100
303,09:41:58,$ 3540.3753,"1,600"
304,09:41:58,$ 3541.01,100
305,09:41:58,$ 3541.01,100
306,09:41:54,$ 3542.09,100
307,09:41:54,$ 3542.09,100
308,09:41:53,$ 3540.72,100
309,09:41:52,$ 3540.375,100
310,09:41:48,$ 3541.70,200
311,09:41:46,$ 3542.59,100
312,09:41:36,$ 3542.59,100
313,09:41:34,$ 3542.88,100
314,09:41:34,$ 3542.74,100
316,09:41:33,$ 3543.8693,125
317,09:41:33,$ 3543.8693,319
318,09:41:32,$ 3543.06,100
319,09:41:27,$ 3543.00,100
320,09:41:27,$ 3543.00,476
321,09:41:27,$ 3543.00,100
322,09:41:23,$ 3541.25,102
323,09:41:23,$ 3541.25,100
324,09:41:20,$ 3541.25,100
325,09:41:13,$ 3539.44,138
326,09:41:13,$ 3539.91,100
327,09:41:13,$ 3539.9099,100
328,09:41:05,$ 3539.36,200
329,09:41:02,$ 3538.77,100
330,09:41:02,$ 3538.79,100
331,09:41:01,$ 3538.83,200
332,09:40:50,$ 3538.64,100
333,09:40:45,$ 3538.46,100
334,09:40:44,$ 3538.21,107
335,09:40:43,$ 3538.845,200
337,09:40:40,$ 3539.275,100
338,09:40:39,$ 3538.93,100
339,09:40:36,$ 3538.91,100
340,09:40:35,$ 3539.06,100
341,09:40:32,$ 3539.257,100
342,09:40:20,$ 3539.415,100
343,09:40:20,$ 3539.415,100
344,09:40:17,$ 3541.0699,200
345,09:40:07,$ 3539.00,200
346,09:40:07,$ 3539.27,100
347,09:40:07,$ 3539.00,100
348,09:40:02,$ 3540.2553,179
349,09:40:01,$ 3539.5201,100
350,09:39:42,$ 3539.51,100
351,09:39:42,$ 3538.87,100
352,09:39:34,$ 3539.03,100
353,09:39:32,$ 3537.6034,155
354,09:39:25,$ 3538.565,100
355,09:39:23,$ 3538.675,200
356,09:39:22,$ 3537.97,100
358,09:39:22,$ 3539.215,100
359,09:39:20,$ 3541.00,200
360,09:39:13,$ 3541.275,100
361,09:39:04,$ 3542.285,100
362,09:39:03,$ 3542.35,100
363,09:38:39,$ 3542.00,250
364,09:38:30,$ 3542.5321,140
365,09:38:29,$ 3540.365,100
366,09:38:29,$ 3540.32,100
367,09:38:29,$ 3540.19,100
368,09:38:28,$ 3541.95,100
369,09:38:27,$ 3542.64,100
370,09:38:23,$ 3542.18,100
371,09:38:23,$ 3541.7468,100
372,09:38:19,$ 3543.74,100
373,09:38:19,$ 3544.00,950
374,09:38:19,$ 3544.00,298
375,09:38:10,$ 3544.62,100
376,09:38:09,$ 3545.8158,100
377,09:38:04,$ 3544.73,100
379,09:38:04,$ 3545.9871,100
380,09:38:01,$ 3546.045,100
381,09:37:58,$ 3546.83,100
382,09:37:58,$ 3546.88,100
383,09:37:54,$ 3546.28,100
384,09:37:50,$ 3545.1442,100
385,09:37:44,$ 3546.23,100
386,09:37:44,$ 3547.00,900
387,09:37:44,$ 3547.00,100
388,09:37:44,$ 3547.00,150
389,09:37:42,$ 3545.24,100
390,09:37:41,$ 3544.00,179
391,09:37:41,$ 3544.55,100
392,09:37:40,$ 3544.00,469
393,09:37:35,$ 3543.8598,400
394,09:37:33,$ 3542.6299,139
395,09:37:27,$ 3543.45,110
396,09:37:21,$ 3543.40,227
397,09:37:17,$ 3543.10,100
398,09:37:15,$ 3541.93,100
400,09:37:15,$ 3541.93,362
401,09:37:15,$ 3541.93,195
402,09:37:13,$ 3541.02,100
403,09:37:13,$ 3541.10,100
404,09:37:11,$ 3541.97,100
405,09:36:59,$ 3541.72,100
406,09:36:52,$ 3542.2334,150
407,09:36:51,$ 3541.71,100
408,09:36:51,$ 3541.71,100
409,09:36:45,$ 3538.635,300
410,09:36:40,$ 3538.12,100
411,09:36:40,$ 3538.12,100
412,09:36:40,$ 3538.52,100
413,09:36:31,$ 3537.98,100
414,09:36:31,$ 3538.58,100
415,09:36:30,$ 3538.08,100
416,09:36:23,$ 3537.42,100
417,09:36:10,$ 3538.94,100
418,09:36:09,$ 3539.50,100
419,09:36:09,$ 3539.49,100
421,09:36:08,$ 3539.81,100
422,09:36:08,$ 3539.81,100
423,09:36:07,$ 3540.45,200
424,09:36:06,$ 3540.40,277
425,09:36:01,$ 3541.585,200
426,09:36:01,$ 3540.90,100
427,09:36:01,$ 3540.81,100
428,09:35:57,$ 3541.59,100
429,09:35:57,$ 3541.64,130
430,09:35:57,$ 3541.38,300
431,09:35:57,$ 3541.685,100
432,09:35:55,$ 3543.09,100
433,09:35:55,$ 3542.4275,500
434,09:35:53,$ 3543.12,100
435,09:35:53,$ 3543.12,110
436,09:35:53,$ 3544.0799,100
437,09:35:49,$ 3543.341,100
438,09:35:46,$ 3543.83,500
439,09:35:28,$ 3545.395,200
440,09:35:24,$ 3545.7799,120
442,09:35:22,$ 3545.001,100
443,09:35:16,$ 3545.6277,100
444,09:35:14,$ 3544.585,100
445,09:35:12,$ 3545.29,100
446,09:35:11,$ 3545.9599,200
447,09:35:10,$ 3545.295,200
448,09:35:10,$ 3545.295,100
449,09:35:10,$ 3545.295,100
450,09:35:09,$ 3545.93,400
451,09:35:09,$ 3545.235,100
452,09:35:08,$ 3545.23,100
453,09:35:08,$ 3545.93,100
454,09:35:04,$ 3545.13,100
455,09:35:04,$ 3545.13,100
456,09:35:01,$ 3545.80,100
457,09:35:01,$ 3546.03,100
458,09:35:00,$ 3545.61,100
459,09:35:00,$ 3544.615,100
460,09:35:00,$ 3543.53,170
461,09:34:56,$ 3544.265,100
463,09:34:54,$ 3544.615,100
464,09:34:54,$ 3544.615,150
465,09:34:52,$ 3544.615,100
466,09:34:50,$ 3543.53,100
467,09:34:50,$ 3543.12,100
468,09:34:50,$ 3543.12,200
469,09:34:50,$ 3543.23,100
470,09:34:50,$ 3543.27,100
471,09:34:40,$ 3544.55,100
472,09:34:40,$ 3545.675,205
473,09:34:39,$ 3544.3701,100
474,09:34:39,$ 3545.04,100
475,09:34:31,$ 3546.07,100
476,09:34:30,$ 3545.00,100
477,09:34:30,$ 3544.89,123
478,09:34:30,$ 3544.89,123
479,09:34:27,$ 3544.6747,110
480,09:34:26,$ 3544.02,100
481,09:34:24,$ 3544.51,100
482,09:34:18,$ 3544.39,100
484,09:33:57,$ 3543.775,100
485,09:33:57,$ 3543.11,112
486,09:33:53,$ 3543.12,121
487,09:33:53,$ 3543.12,100
488,09:33:52,$ 3545.7052,115
489,09:33:52,$ 3544.0601,300
490,09:33:49,$ 3544.49,279
491,09:33:49,$ 3544.49,100
492,09:33:46,$ 3546.685,190
493,09:33:45,$ 3546.685,"1,000"
494,09:33:43,$ 3546.685,200
495,09:33:43,$ 3546.1923,200
496,09:33:38,$ 3547.00,100
497,09:33:37,$ 3546.96,100
498,09:33:37,$ 3547.29,200
499,09:33:37,$ 3547.29,200
500,09:33:37,$ 3546.73,100
501,09:33:36,$ 3544.49,100
502,09:33:36,$ 3545.45,193
503,09:33:36,$ 3545.25,364
505,09:33:36,$ 3545.00,100
506,09:33:36,$ 3545.00,100
507,09:33:36,$ 3545.12,100
508,09:33:36,$ 3545.12,100
509,09:33:36,$ 3545.12,423
510,09:33:36,$ 3545.12,"1,375"
511,09:33:34,$ 3544.00,100
512,09:33:33,$ 3542.68,107
513,09:33:33,$ 3542.68,100
514,09:33:33,$ 3542.68,228
515,09:33:33,$ 3543.335,100
516,09:33:31,$ 3543.37,100
517,09:33:31,$ 3543.00,100
518,09:33:30,$ 3542.335,100
519,09:33:23,$ 3542.22,400
520,09:33:23,$ 3541.85,100
521,09:33:23,$ 3541.85,100
522,09:33:20,$ 3539.74,100
523,09:33:20,$ 3540.00,100
524,09:33:20,$ 3539.74,100
526,09:33:20,$ 3539.42,155
527,09:33:15,$ 3538.425,100
528,09:33:15,$ 3538.42,100
529,09:33:12,$ 3537.37,100
530,09:33:12,$ 3537.37,100
531,09:33:03,$ 3538.7076,200
532,09:33:02,$ 3538.63,100
533,09:33:02,$ 3538.59,224
534,09:33:02,$ 3538.58,100
535,09:33:02,$ 3538.61,100
536,09:33:01,$ 3538.735,100
537,09:33:01,$ 3538.295,100
538,09:32:58,$ 3537.175,200
539,09:32:58,$ 3536.99,100
540,09:32:57,$ 3537.765,100
541,09:32:57,$ 3537.765,100
542,09:32:52,$ 3536.969,500
543,09:32:49,$ 3534.125,100
544,09:32:48,$ 3535.6299,100
545,09:32:37,$ 3532.62,200
547,09:32:35,$ 3531.48,100
548,09:32:35,$ 3531.33,100
549,09:32:35,$ 3531.37,100
550,09:32:34,$ 3532.97,200
551,09:32:33,$ 3532.0003,100
552,09:32:33,$ 3532.08,100
553,09:32:33,$ 3532.01,300
554,09:32:33,$ 3532.00,100
555,09:32:33,$ 3532.00,100
556,09:32:33,$ 3532.04,100
557,09:32:33,$ 3532.97,500
558,09:32:16,$ 3533.00,100
559,09:32:14,$ 3534.03,100
560,09:32:13,$ 3534.14,142
561,09:32:13,$ 3534.15,100
562,09:32:08,$ 3536.00,126
563,09:32:02,$ 3536.46,121
564,09:31:55,$ 3537.5696,105
565,09:31:54,$ 3538.0883,100
566,09:31:52,$ 3536.61,100
568,09:31:52,$ 3536.00,100
569,09:31:50,$ 3537.58,100
570,09:31:46,$ 3538.485,200
571,09:31:45,$ 3538.605,100
572,09:31:45,$ 3537.58,100
573,09:31:45,$ 3537.57,114
574,09:31:44,$ 3538.5949,206
575,09:31:40,$ 3537.06,200
576,09:31:37,$ 3538.02,200
577,09:31:33,$ 3538.72,100
578,09:31:33,$ 3538.71,100
579,09:31:32,$ 3538.70,200
580,09:31:29,$ 3539.99,250
581,09:31:26,$ 3540.84,142
582,09:31:25,$ 3540.845,500
583,09:31:20,$ 3541.01,100
584,09:31:20,$ 3541.56,400
585,09:31:20,$ 3541.60,100
586,09:31:20,$ 3541.64,100
587,09:31:20,$ 3541.085,100
589,09:31:08,$ 3540.1269,100
590,09:31:07,$ 3539.14,400
591,09:31:05,$ 3538.14,100
592,09:31:05,$ 3537.96,100
593,09:31:05,$ 3539.00,100
594,09:31:04,$ 3538.71,100
595,09:31:04,$ 3538.69,100
596,09:31:03,$ 3540.60,100
597,09:31:02,$ 3539.21,200
598,09:31:00,$ 3541.83,100
599,09:30:57,$ 3541.08,100
600,09:30:53,$ 3539.3333,100
601,09:30:51,$ 3540.64,100
602,09:30:51,$ 3541.635,100
603,09:30:50,$ 3542.4309,100
604,09:30:50,$ 3540.97,100
605,09:30:50,$ 3540.92,100
606,09:30:50,$ 3541.22,100
607,09:30:49,$ 3543.12,100
608,09:30:44,$ 3543.12,100
610,09:30:44,$ 3543.20,100
611,09:30:42,$ 3541.86,167
612,09:30:42,$ 3542.39,100
613,09:30:42,$ 3542.39,333
614,09:30:42,$ 3543.98,100
615,09:30:42,$ 3543.28,100
616,09:30:41,$ 3543.76,100
617,09:30:41,$ 3544.00,170
618,09:30:41,$ 3542.915,100
619,09:30:39,$ 3542.93,100
620,09:30:38,$ 3541.7232,410
621,09:30:38,$ 3541.7238,110
622,09:30:38,$ 3541.724,180
623,09:30:38,$ 3541.52,100
624,09:30:37,$ 3543.91,100
625,09:30:37,$ 3543.88,100
626,09:30:37,$ 3541.6074,400
627,09:30:36,$ 3542.00,948
628,09:30:34,$ 3541.90,100
629,09:30:31,$ 3540.61,100
631,09:30:31,$ 3540.56,100
632,09:30:29,$ 3538.88,"1,000"
633,09:30:29,$ 3538.87,100
634,09:30:27,$ 3539.91,100
635,09:30:27,$ 3538.00,100
636,09:30:27,$ 3538.00,100
637,09:30:27,$ 3538.00,146
638,09:30:26,$ 3536.3889,"1,000"
639,09:30:24,$ 3535.183,100
640,09:30:22,$ 3535.33,100
641,09:30:22,$ 3535.33,100
642,09:30:22,$ 3535.33,100
643,09:30:22,$ 3534.50,100
644,09:30:22,$ 3535.29,100
645,09:30:22,$ 3535.30,111
646,09:30:22,$ 3535.29,100
647,09:30:22,$ 3535.29,184
648,09:30:21,$ 3536.0799,150
649,09:30:21,$ 3535.865,200
650,09:30:21,$ 3536.42,100
652,09:30:21,$ 3535.875,100
653,09:30:19,$ 3536.72,100
654,09:30:18,$ 3536.00,398
655,09:30:18,$ 3536.00,100
656,09:30:18,$ 3536.00,100
657,09:30:18,$ 3536.00,254
658,09:30:18,$ 3536.00,100
659,09:30:18,$ 3536.00,100
660,09:30:15,$ 3535.03,100
661,09:30:15,$ 3536.00,100
662,09:30:14,$ 3535.90,100
663,09:30:14,$ 3535.00,100
664,09:30:14,$ 3534.12,100
665,09:30:13,$ 3532.99,100
666,09:30:13,$ 3532.00,100
667,09:30:13,$ 3532.44,100
668,09:30:12,$ 3531.3329,121
669,09:30:09,$ 3530.99,100
670,09:30:06,$ 3530.00,216
671,09:30:04,$ 3527.85,100
673,09:30:04,$ 3527.92,100
674,09:30:04,$ 3527.92,100
675,09:30:04,$ 3527.915,100
676,09:30:03,$ 3527.47,100
677,09:30:02,$ 3525.50,2
678,09:30:02,$ 3525.50,1
679,09:30:02,$ 3525.50,1
680,09:30:02,$ 3525.50,1
681,09:30:02,$ 3525.50,1
682,09:30:02,$ 3525.50,4
683,09:30:02,$ 3525.50,1
684,09:30:02,$ 3525.50,3
685,09:30:02,$ 3525.50,2
686,09:30:02,$ 3525.50,3
687,09:30:02,$ 3525.50,1
688,09:30:02,$ 3525.50,2
689,09:30:02,$ 3525.50,2
690,09:30:02,$ 3525.50,1
691,09:30:02,$ 3525.50,1
692,09:30:02,$ 3525.50,15
694,09:30:02,$ 3525.50,5
695,09:30:02,$ 3525.50,8
696,09:30:02,$ 3525.50,1
697,09:30:02,$ 3525.50,1
698,09:30:02,$ 3525.50,15
699,09:30:02,$ 3525.50,2
700,09:30:02,$ 3525.50,5
701,09:30:02,$ 3525.50,1
702,09:30:02,$ 3525.50,3
703,09:30:02,$ 3525.50,3
704,09:30:02,$ 3525.50,1
705,09:30:02,$ 3525.50,6
706,09:30:02,$ 3525.50,1
707,09:30:02,$ 3525.50,7
708,09:30:02,$ 3525.50,25
709,09:30:02,$ 3525.50,2
710,09:30:02,$ 3525.50,3
711,09:30:02,$ 3525.50,1
712,09:30:02,$ 3525.50,2
713,09:30:02,$ 3525.50,2
715,09:30:02,$ 3525.50,1
716,09:30:02,$ 3525.50,1
717,09:30:02,$ 3525.50,11
718,09:30:02,$ 3525.50,1
719,09:30:02,$ 3525.50,1
720,09:30:02,$ 3525.50,5
721,09:30:02,$ 3525.50,1
722,09:30:02,$ 3525.50,100
723,09:30:02,$ 3525.50,1
724,09:30:02,$ 3525.50,4
725,09:30:02,$ 3525.50,2
726,09:30:02,$ 3525.50,1
727,09:30:02,$ 3525.50,2
728,09:30:02,$ 3525.50,1
729,09:30:02,$ 3525.50,2
730,09:30:02,$ 3525.50,2
731,09:30:02,$ 3525.50,5
732,09:30:02,$ 3525.50,2
733,09:30:02,$ 3525.50,3
734,09:30:02,$ 3525.50,3
736,09:30:02,$ 3525.50,3
737,09:30:02,$ 3525.50,1
738,09:30:02,$ 3525.50,1
739,09:30:02,$ 3525.50,1
740,09:30:02,$ 3525.50,1
741,09:30:02,$ 3525.50,6
742,09:30:02,$ 3525.50,29
743,09:30:02,$ 3525.50,1
744,09:30:02,$ 3525.50,101
745,09:30:02,$ 3525.50,1
746,09:30:02,$ 3525.50,1
747,09:30:02,$ 3525.50,1
748,09:30:02,$ 3525.50,1
749,09:30:02,$ 3525.50,2
750,09:30:02,$ 3525.50,28
751,09:30:02,$ 3525.50,1
752,09:30:02,$ 3525.50,2
753,09:30:02,$ 3525.50,1
754,09:30:02,$ 3525.50,10
755,09:30:02,$ 3525.50,30
757,09:30:02,$ 3525.50,4
758,09:30:02,$ 3525.50,1
759,09:30:02,$ 3525.50,4
760,09:30:02,$ 3525.50,1
761,09:30:02,$ 3525.50,1
762,09:30:02,$ 3525.50,1
763,09:30:02,$ 3525.50,1
764,09:30:02,$ 3525.50,3
765,09:30:02,$ 3525.50,5
766,09:30:02,$ 3525.50,6
767,09:30:02,$ 3525.50,3
768,09:30:02,$ 3525.50,26
769,09:30:02,$ 3525.50,77
770,09:30:02,$ 3525.50,10
771,09:30:02,$ 3525.50,219
772,09:30:02,$ 3525.50,5
773,09:30:02,$ 3525.50,3
774,09:30:02,$ 3525.50,8
775,09:30:02,$ 3525.50,1
776,09:30:02,$ 3525.50,1
778,09:30:02,$ 3525.50,2
779,09:30:02,$ 3525.50,2
780,09:30:02,$ 3525.50,1
781,09:30:02,$ 3525.50,1
782,09:30:02,$ 3525.50,2
783,09:30:02,$ 3525.50,2
784,09:30:02,$ 3525.50,3
785,09:30:02,$ 3525.50,8
786,09:30:02,$ 3525.50,1
787,09:30:02,$ 3525.50,1
788,09:30:02,$ 3525.50,1
789,09:30:02,$ 3525.50,22
790,09:30:02,$ 3525.50,3
791,09:30:02,$ 3525.50,13
792,09:30:02,$ 3525.50,2
793,09:30:02,$ 3525.50,1
794,09:30:02,$ 3525.50,6
795,09:30:02,$ 3525.50,1
796,09:30:02,$ 3525.50,3
797,09:30:02,$ 3525.50,1
799,09:30:02,$ 3525.50,2
800,09:30:02,$ 3525.50,1
801,09:30:02,$ 3525.50,3
802,09:30:02,$ 3525.50,2
803,09:30:02,$ 3525.50,1
804,09:30:02,$ 3525.50,1
805,09:30:02,$ 3525.50,1
806,09:30:02,$ 3525.50,2
807,09:30:02,$ 3525.50,2
808,09:30:02,$ 3525.50,1
809,09:30:02,$ 3525.50,2
810,09:30:02,$ 3525.50,4
811,09:30:02,$ 3525.50,5
812,09:30:02,$ 3525.50,2
813,09:30:02,$ 3525.50,8
814,09:30:02,$ 3525.50,14
815,09:30:02,$ 3525.50,1
816,09:30:02,$ 3525.50,5
817,09:30:02,$ 3525.50,1
818,09:30:02,$ 3525.50,1
820,09:30:02,$ 3525.50,1
821,09:30:02,$ 3525.50,11
822,09:30:02,$ 3525.50,3
823,09:30:02,$ 3525.50,14
824,09:30:02,$ 3525.50,10
825,09:30:02,$ 3525.50,1
826,09:30:02,$ 3525.50,1
827,09:30:02,$ 3525.50,1
828,09:30:02,$ 3525.50,3
829,09:30:02,$ 3525.50,1
830,09:30:02,$ 3525.50,2
831,09:30:02,$ 3525.50,1
832,09:30:02,$ 3525.50,1
833,09:30:02,$ 3525.50,1
834,09:30:02,$ 3525.50,1
835,09:30:02,$ 3525.50,1
836,09:30:02,$ 3525.50,1
837,09:30:02,$ 3525.50,1
838,09:30:02,$ 3525.50,1
839,09:30:02,$ 3525.50,1
841,09:30:02,$ 3525.50,1
842,09:30:02,$ 3525.50,1
843,09:30:02,$ 3525.50,1
844,09:30:02,$ 3525.50,1
845,09:30:02,$ 3525.50,1
846,09:30:02,$ 3525.50,1
847,09:30:02,$ 3525.50,1
848,09:30:02,$ 3525.50,1
849,09:30:02,$ 3525.50,1
850,09:30:02,$ 3525.50,1
851,09:30:02,$ 3525.50,1
852,09:30:02,$ 3525.50,1
853,09:30:02,$ 3525.50,1
854,09:30:02,$ 3525.50,1
855,09:30:02,$ 3525.50,1
856,09:30:02,$ 3525.50,1
857,09:30:02,$ 3525.50,1
858,09:30:02,$ 3525.50,1
859,09:30:02,$ 3525.50,1
860,09:30:02,$ 3525.50,1
862,09:30:02,$ 3525.50,1
863,09:30:02,$ 3525.50,1
864,09:30:02,$ 3525.50,1
865,09:30:02,$ 3525.50,1
866,09:30:02,$ 3525.50,1
867,09:30:02,$ 3525.50,1
868,09:30:02,$ 3525.50,1
869,09:30:02,$ 3525.50,1
870,09:30:02,$ 3525.50,1
871,09:30:02,$ 3525.50,1
872,09:30:02,$ 3525.50,1
873,09:30:02,$ 3525.50,1
874,09:30:02,$ 3525.50,1
875,09:30:02,$ 3525.50,1
876,09:30:02,$ 3525.50,1
877,09:30:02,$ 3525.50,1
878,09:30:02,$ 3525.50,1
879,09:30:02,$ 3525.50,1
880,09:30:02,$ 3525.50,1
881,09:30:02,$ 3525.50,1
883,09:30:02,$ 3525.50,1
884,09:30:02,$ 3525.50,1
885,09:30:02,$ 3525.50,1
886,09:30:02,$ 3525.50,1
887,09:30:02,$ 3525.50,1
888,09:30:02,$ 3525.50,1
889,09:30:02,$ 3525.50,1
890,09:30:02,$ 3525.50,1
891,09:30:02,$ 3525.50,1
892,09:30:02,$ 3525.50,1
893,09:30:02,$ 3525.50,1
894,09:30:02,$ 3525.50,1
895,09:30:02,$ 3525.50,1
896,09:30:02,$ 3525.50,1
897,09:30:02,$ 3525.50,1
898,09:30:02,$ 3525.50,1
899,09:30:02,$ 3525.50,1
900,09:30:02,$ 3525.50,1
901,09:30:02,$ 3525.50,1
902,09:30:02,$ 3525.50,1
904,09:30:02,$ 3525.50,1
905,09:30:02,$ 3525.50,1
906,09:30:02,$ 3525.50,1
907,09:30:02,$ 3525.50,1
908,09:30:02,$ 3525.50,1
909,09:30:02,$ 3525.50,1
910,09:30:02,$ 3525.50,1
911,09:30:02,$ 3525.50,1
912,09:30:02,$ 3525.50,1
913,09:30:02,$ 3525.50,1
914,09:30:02,$ 3525.50,1
915,09:30:02,$ 3525.50,1
916,09:30:02,$ 3525.50,1
917,09:30:02,$ 3525.50,1
918,09:30:02,$ 3525.50,1
919,09:30:02,$ 3525.50,1
920,09:30:02,$ 3525.50,1
921,09:30:02,$ 3525.50,3
922,09:30:02,$ 3525.50,5
923,09:30:02,$ 3525.50,5
925,09:30:02,$ 3525.50,30
926,09:30:02,$ 3525.50,1
927,09:30:02,$ 3525.50,10
928,09:30:02,$ 3525.50,2
929,09:30:02,$ 3525.50,2
930,09:30:02,$ 3525.50,2
931,09:30:02,$ 3525.50,2
932,09:30:02,$ 3525.50,2
933,09:30:02,$ 3525.50,2
934,09:30:02,$ 3525.50,1
935,09:30:02,$ 3525.50,3
936,09:30:02,$ 3525.50,1
937,09:30:02,$ 3525.50,1
938,09:30:02,$ 3525.50,3
939,09:30:02,$ 3525.50,1
940,09:30:02,$ 3525.50,4
941,09:30:02,$ 3525.50,2
942,09:30:02,$ 3525.50,5
943,09:30:02,$ 3525.50,10
944,09:30:02,$ 3525.50,4
946,09:30:02,$ 3525.50,5
947,09:30:02,$ 3525.50,3
948,09:30:02,$ 3525.50,4
949,09:30:02,$ 3525.50,1
950,09:30:02,$ 3525.50,1
951,09:30:02,$ 3525.50,1
952,09:30:02,$ 3525.50,7
953,09:30:02,$ 3525.50,2
954,09:30:02,$ 3525.50,6
955,09:30:02,$ 3525.50,1
956,09:30:02,$ 3525.50,1
957,09:30:02,$ 3525.50,2
958,09:30:02,$ 3525.50,3
959,09:30:02,$ 3525.50,1
960,09:30:02,$ 3525.50,1
961,09:30:02,$ 3525.50,1
962,09:30:02,$ 3525.50,1
963,09:30:02,$ 3525.50,1
964,09:30:02,$ 3525.50,5
965,09:30:02,$ 3525.50,15
967,09:30:02,$ 3525.50,28
968,09:30:02,$ 3525.50,5
969,09:30:02,$ 3525.50,2
970,09:30:02,$ 3525.50,10
971,09:30:02,$ 3525.50,1
972,09:30:02,$ 3525.50,2
973,09:30:02,$ 3525.50,5
974,09:30:02,$ 3525.50,1
975,09:30:02,$ 3525.50,1
976,09:30:02,$ 3525.50,1
977,09:30:02,$ 3525.50,1
978,09:30:02,$ 3525.50,1
979,09:30:02,$ 3525.50,1
980,09:30:02,$ 3525.50,1
981,09:30:02,$ 3525.50,1
982,09:30:02,$ 3525.50,1
983,09:30:02,$ 3525.50,1
984,09:30:02,$ 3525.50,18
985,09:30:02,$ 3525.50,1
986,09:30:02,$ 3525.50,1
988,09:30:02,$ 3525.50,1
989,09:30:02,$ 3525.50,1
990,09:30:02,$ 3525.50,1
991,09:30:02,$ 3525.50,1
992,09:30:02,$ 3525.50,1
993,09:30:02,$ 3525.50,1
994,09:30:02,$ 3525.50,1
995,09:30:02,$ 3525.50,1
996,09:30:02,$ 3525.50,1
997,09:30:02,$ 3525.50,1
998,09:30:02,$ 3525.50,1
999,09:30:02,$ 3525.50,1
1000,09:30:02,$ 3525.50,1
1001,09:30:02,$ 3525.50,1
1002,09:30:02,$ 3525.50,1
1003,09:30:02,$ 3525.50,1
1004,09:30:02,$ 3525.50,1
1005,09:30:02,$ 3525.50,1
1006,09:30:02,$ 3525.50,1
1007,09:30:02,$ 3525.50,1
1009,09:30:02,$ 3525.50,1
1010,09:30:02,$ 3525.50,1
1011,09:30:02,$ 3525.50,1
1012,09:30:02,$ 3525.50,1
1013,09:30:02,$ 3525.50,1
1014,09:30:02,$ 3525.50,1
1015,09:30:02,$ 3525.50,1
1016,09:30:02,$ 3525.50,1
1017,09:30:02,$ 3525.50,1
1018,09:30:02,$ 3525.50,1
1019,09:30:02,$ 3525.50,1
1020,09:30:02,$ 3525.50,1
1021,09:30:02,$ 3525.50,1
1022,09:30:02,$ 3525.50,1
1023,09:30:02,$ 3525.50,1
1024,09:30:02,$ 3525.50,1
1025,09:30:02,$ 3525.50,1
1026,09:30:02,$ 3525.50,1
1027,09:30:02,$ 3525.50,1
1028,09:30:02,$ 3525.50,1
1030,09:30:02,$ 3525.50,1
1031,09:30:02,$ 3525.50,1
1032,09:30:02,$ 3525.50,1
1033,09:30:02,$ 3525.50,1
1034,09:30:02,$ 3525.50,1
1035,09:30:02,$ 3525.50,1
1036,09:30:02,$ 3525.50,1
1037,09:30:02,$ 3525.50,1
1038,09:30:02,$ 3525.50,1
1039,09:30:02,$ 3525.50,1
1040,09:30:02,$ 3525.50,1
1041,09:30:02,$ 3525.50,1
1042,09:30:02,$ 3525.50,1
1043,09:30:02,$ 3525.50,1
1044,09:30:02,$ 3525.50,1
1045,09:30:02,$ 3525.50,1
1046,09:30:02,$ 3525.50,1
1047,09:30:02,$ 3525.50,1
1048,09:30:02,$ 3525.50,1
1049,09:30:02,$ 3525.50,1
1051,09:30:02,$ 3525.50,1
1052,09:30:02,$ 3525.50,1
1053,09:30:02,$ 3525.50,1
1054,09:30:02,$ 3525.50,1
1055,09:30:02,$ 3525.50,1
1056,09:30:02,$ 3525.50,1
1057,09:30:02,$ 3525.50,1
1058,09:30:02,$ 3525.50,1
1059,09:30:02,$ 3525.50,1
1060,09:30:02,$ 3525.50,1
1061,09:30:02,$ 3525.50,1
1062,09:30:02,$ 3525.50,1
1063,09:30:02,$ 3525.50,1
1064,09:30:02,$ 3525.50,1
1065,09:30:02,$ 3525.50,1
1066,09:30:02,$ 3525.50,1
1067,09:30:02,$ 3525.50,1
1068,09:30:02,$ 3525.50,1
1069,09:30:02,$ 3525.50,1
1070,09:30:02,$ 3525.50,1
1072,09:30:02,$ 3525.50,1
1073,09:30:02,$ 3525.50,1
1074,09:30:02,$ 3525.50,1
1075,09:30:02,$ 3525.50,1
1076,09:30:02,$ 3525.50,1
1077,09:30:02,$ 3525.50,1
1078,09:30:02,$ 3525.50,1
1079,09:30:02,$ 3525.50,1
1080,09:30:02,$ 3525.50,1
1081,09:30:02,$ 3525.50,1
1082,09:30:02,$ 3525.50,1
1083,09:30:02,$ 3525.50,4
1084,09:30:02,$ 3525.50,1
1085,09:30:02,$ 3525.50,1
1086,09:30:02,$ 3525.50,1
1087,09:30:02,$ 3525.50,1
1088,09:30:02,$ 3525.50,1
1089,09:30:02,$ 3525.50,1
1090,09:30:02,$ 3525.50,1
1091,09:30:02,$ 3525.50,1
1093,09:30:02,$ 3525.50,1
1094,09:30:02,$ 3525.50,1
1095,09:30:02,$ 3525.50,1
1096,09:30:02,$ 3525.50,1
1097,09:30:02,$ 3525.50,1
1098,09:30:02,$ 3525.50,1
1099,09:30:02,$ 3525.50,1
1100,09:30:02,$ 3525.50,1
1101,09:30:02,$ 3525.50,2
1102,09:30:02,$ 3525.50,18
1103,09:30:02,$ 3525.50,1
1104,09:30:02,$ 3525.50,1
1105,09:30:02,$ 3525.50,1
1106,09:30:02,$ 3525.50,1
1107,09:30:02,$ 3525.50,1
1108,09:30:02,$ 3525.50,1
1109,09:30:02,$ 3525.50,1
1110,09:30:02,$ 3525.50,1
1111,09:30:02,$ 3525.50,1
1112,09:30:02,$ 3525.50,1
1114,09:30:02,$ 3525.50,1
1115,09:30:02,$ 3525.50,1
1116,09:30:02,$ 3525.50,1
1117,09:30:02,$ 3525.50,1
1118,09:30:02,$ 3525.50,1
1119,09:30:02,$ 3525.50,1
1120,09:30:02,$ 3525.50,1
1121,09:30:02,$ 3525.50,1
1122,09:30:02,$ 3525.50,3
1123,09:30:02,$ 3525.50,150
1124,09:30:02,$ 3525.50,14
1125,09:30:02,$ 3525.50,3
1126,09:30:02,$ 3525.50,15
1127,09:30:02,$ 3525.50,2
1128,09:30:02,$ 3525.50,1
1129,09:30:02,$ 3525.50,2
1130,09:30:02,$ 3525.50,2
1131,09:30:02,$ 3525.50,1
1132,09:30:02,$ 3525.50,13
1133,09:30:02,$ 3525.50,1
1135,09:30:02,$ 3525.50,6
1136,09:30:02,$ 3525.50,2
1137,09:30:02,$ 3525.50,6
1138,09:30:02,$ 3525.50,10
1139,09:30:02,$ 3525.50,3
1140,09:30:02,$ 3525.50,42
1141,09:30:02,$ 3525.50,46
1142,09:30:02,$ 3525.50,2
1143,09:30:02,$ 3525.50,34
1144,09:30:02,$ 3525.50,1
1145,09:30:02,$ 3525.50,7
1146,09:30:02,$ 3525.50,1
1147,09:30:02,$ 3525.50,20
1148,09:30:02,$ 3525.50,2
1149,09:30:02,$ 3525.50,3
1150,09:30:02,$ 3525.50,2
1151,09:30:02,$ 3525.50,1
1152,09:30:02,$ 3525.50,1
1153,09:30:02,$ 3525.50,1
1154,09:30:02,$ 3525.50,2
1156,09:30:02,$ 3525.50,10
1157,09:30:02,$ 3525.50,2
1158,09:30:02,$ 3525.50,1
1159,09:30:02,$ 3525.50,3
1160,09:30:02,$ 3525.50,1
1161,09:30:02,$ 3525.50,1
1162,09:30:02,$ 3525.50,1
1163,09:30:02,$ 3525.50,10
1164,09:30:02,$ 3525.50,10
1165,09:30:02,$ 3525.50,2
1166,09:30:02,$ 3525.50,2
1167,09:30:02,$ 3525.50,1
1168,09:30:02,$ 3525.50,3
1169,09:30:02,$ 3525.50,62
1170,09:30:02,$ 3525.50,100
1171,09:30:02,$ 3525.50,1
1172,09:30:02,$ 3525.50,2
1173,09:30:02,$ 3525.50,1
1174,09:30:02,$ 3525.50,1
1175,09:30:02,$ 3525.50,5
1177,09:30:02,$ 3525.50,30
1178,09:30:02,$ 3525.50,1
1179,09:30:02,$ 3525.50,1
1180,09:30:02,$ 3525.50,1
1181,09:30:02,$ 3525.50,1
1182,09:30:02,$ 3525.50,1
1183,09:30:02,$ 3525.50,1
1184,09:30:02,$ 3525.50,2
1185,09:30:02,$ 3525.50,1
1186,09:30:02,$ 3525.50,1
1187,09:30:02,$ 3525.50,3
1188,09:30:02,$ 3525.50,5
1189,09:30:02,$ 3525.50,1
1190,09:30:02,$ 3525.50,1
1191,09:30:02,$ 3525.50,1
1192,09:30:02,$ 3525.50,3
1193,09:30:02,$ 3525.50,1
1194,09:30:02,$ 3525.50,1
1195,09:30:02,$ 3525.50,2
1196,09:30:02,$ 3525.50,41
1198,09:30:02,$ 3525.50,6
1199,09:30:02,$ 3525.50,3
1200,09:30:02,$ 3525.50,1
1201,09:30:02,$ 3525.50,17
1202,09:30:02,$ 3525.50,1
1203,09:30:02,$ 3525.50,1
1204,09:30:02,$ 3525.50,5
1205,09:30:02,$ 3525.50,1
1206,09:30:02,$ 3525.50,7
1207,09:30:02,$ 3525.50,1
1208,09:30:02,$ 3525.50,1
1209,09:30:02,$ 3525.50,10
1210,09:30:02,$ 3525.50,3
1211,09:30:02,$ 3525.50,2
1212,09:30:02,$ 3525.50,1
1213,09:30:02,$ 3525.50,5
1214,09:30:02,$ 3525.50,1
1215,09:30:02,$ 3525.50,2
1216,09:30:02,$ 3525.50,2
1217,09:30:02,$ 3525.50,4
1219,09:30:02,$ 3525.50,1
1220,09:30:02,$ 3525.50,4
1221,09:30:02,$ 3525.50,1
1222,09:30:02,$ 3525.50,1
1223,09:30:02,$ 3525.50,3
1224,09:30:02,$ 3525.50,1
1225,09:30:02,$ 3525.50,2
1226,09:30:02,$ 3525.50,3
1227,09:30:02,$ 3525.50,2
1228,09:30:02,$ 3525.50,2
1229,09:30:02,$ 3525.50,2
1230,09:30:02,$ 3525.50,3
1231,09:30:02,$ 3525.50,9
1232,09:30:02,$ 3525.50,1
1233,09:30:02,$ 3525.50,3
1234,09:30:02,$ 3525.50,4
1235,09:30:02,$ 3525.50,4
1236,09:30:02,$ 3525.50,3
1237,09:30:02,$ 3525.50,13
1238,09:30:02,$ 3525.50,15
1240,09:30:02,$ 3525.50,22
1241,09:30:02,$ 3525.50,29
1242,09:30:02,$ 3525.50,3
1243,09:30:02,$ 3525.50,14
1244,09:30:02,$ 3525.50,12
1245,09:30:02,$ 3525.50,2
1246,09:30:02,$ 3525.50,1
1247,09:30:02,$ 3525.50,26
1248,09:30:02,$ 3525.50,17
1249,09:30:02,$ 3525.50,11
1250,09:30:02,$ 3525.50,17
1251,09:30:02,$ 3525.50,2
1252,09:30:02,$ 3525.50,1
1253,09:30:02,$ 3525.50,6
1254,09:30:02,$ 3525.50,5
1255,09:30:02,$ 3525.50,1
1256,09:30:02,$ 3525.50,3
1257,09:30:02,$ 3525.50,3
1258,09:30:02,$ 3525.50,50
1259,09:30:02,$ 3525.50,2
1261,09:30:02,$ 3525.50,8
1262,09:30:02,$ 3525.50,5
1263,09:30:02,$ 3525.50,2
1264,09:30:02,$ 3525.50,2
1265,09:30:02,$ 3525.50,2
1266,09:30:02,$ 3525.50,3
1267,09:30:02,$ 3525.50,7
1268,09:30:02,$ 3525.50,1
1269,09:30:02,$ 3525.50,1
1270,09:30:02,$ 3525.50,2
1271,09:30:02,$ 3525.50,30
1272,09:30:02,$ 3525.50,2
1273,09:30:02,$ 3525.50,3
1274,09:30:02,$ 3525.50,1
1275,09:30:02,$ 3525.50,3
1276,09:30:02,$ 3525.50,1
1277,09:30:02,$ 3525.50,2
1278,09:30:02,$ 3525.50,2
1279,09:30:02,$ 3525.50,3
1280,09:30:02,$ 3525.50,15
1282,09:30:02,$ 3525.50,3
1283,09:30:02,$ 3525.50,5
1284,09:30:02,$ 3525.50,6
1285,09:30:02,$ 3525.50,3
1286,09:30:02,$ 3525.50,1
1287,09:30:02,$ 3525.50,2
1288,09:30:02,$ 3525.50,1
1289,09:30:02,$ 3525.50,2
1290,09:30:02,$ 3525.50,1
1291,09:30:02,$ 3525.50,1
1292,09:30:02,$ 3525.50,2
1293,09:30:02,$ 3525.50,10
1294,09:30:02,$ 3525.50,5
1295,09:30:02,$ 3525.50,1
1296,09:30:02,$ 3525.50,5
1297,09:30:02,$ 3525.50,7
1298,09:30:02,$ 3525.50,9
1299,09:30:02,$ 3525.50,1
1300,09:30:02,$ 3525.50,3
1301,09:30:02,$ 3525.50,1
1303,09:30:02,$ 3525.50,1
1304,09:30:02,$ 3525.50,6
1305,09:30:02,$ 3525.50,1
1306,09:30:02,$ 3525.50,128
1307,09:30:02,$ 3525.50,1
1308,09:30:02,$ 3525.50,1
1309,09:30:02,$ 3525.50,7
1310,09:30:02,$ 3525.50,14
1311,09:30:02,$ 3525.50,34
1312,09:30:02,$ 3525.50,7
1313,09:30:02,$ 3525.50,59
1314,09:30:02,$ 3525.50,1
1315,09:30:02,$ 3525.50,8
1316,09:30:02,$ 3525.50,13
1317,09:30:02,$ 3525.50,2
1318,09:30:02,$ 3525.50,1
1319,09:30:02,$ 3525.50,30
1320,09:30:02,$ 3525.50,2
1321,09:30:02,$ 3525.50,"1,600"
1322,09:30:02,$ 3525.50,3
1324,09:30:02,$ 3525.50,6
1325,09:30:02,$ 3525.50,18
1326,09:30:02,$ 3525.50,5
1327,09:30:02,$ 3525.50,7
1328,09:30:02,$ 3525.50,13
1329,09:30:02,$ 3525.50,1
1330,09:30:02,$ 3525.50,2
1331,09:30:02,$ 3525.50,1
1332,09:30:02,$ 3525.50,1
1333,09:30:02,$ 3525.50,2
1334,09:30:02,$ 3525.50,9
1335,09:30:02,$ 3525.50,1
1336,09:30:02,$ 3525.50,3
1337,09:30:02,$ 3525.50,6
1338,09:30:02,$ 3525.50,24
1339,09:30:02,$ 3525.50,2
1340,09:30:02,$ 3525.50,36
1341,09:30:02,$ 3525.50,2
1342,09:30:02,$ 3525.50,3
1343,09:30:02,$ 3525.50,3
1345,09:30:02,$ 3525.50,2
1346,09:30:02,$ 3525.50,3
1347,09:30:02,$ 3525.50,38
1348,09:30:02,$ 3525.50,9
1349,09:30:02,$ 3525.50,3
1350,09:30:02,$ 3525.50,7
1351,09:30:02,$ 3525.50,25
1352,09:30:02,$ 3525.50,3
1353,09:30:02,$ 3525.50,9
1354,09:30:02,$ 3525.50,13
1355,09:30:02,$ 3525.50,40
1356,09:30:02,$ 3525.50,50
1357,09:30:02,$ 3525.50,46
1358,09:30:02,$ 3525.50,9
1359,09:30:02,$ 3525.50,5
1360,09:30:02,$ 3525.50,28
1361,09:30:02,$ 3525.50,5
1362,09:30:02,$ 3525.50,2
1363,09:30:02,$ 3525.50,5
1364,09:30:02,$ 3525.50,417
1366,09:30:02,$ 3525.50,3
1367,09:30:02,$ 3525.50,2
1368,09:30:02,$ 3525.50,6
1369,09:30:02,$ 3525.50,1
1370,09:30:02,$ 3525.50,3
1371,09:30:02,$ 3525.50,1
1372,09:30:02,$ 3525.50,2
1373,09:30:02,$ 3525.50,63
1374,09:30:02,$ 3525.50,1
1375,09:30:02,$ 3525.50,1
1376,09:30:02,$ 3525.50,2
1377,09:30:02,$ 3525.50,19
1378,09:30:02,$ 3525.50,6
1379,09:30:02,$ 3525.50,32
1380,09:30:02,$ 3525.50,19
1381,09:30:02,$ 3525.50,1
1382,09:30:02,$ 3525.50,62
1383,09:30:02,$ 3525.50,2
1384,09:30:02,$ 3525.50,48
1385,09:30:02,$ 3525.50,173
1387,09:30:02,$ 3525.50,30
1388,09:30:02,$ 3525.50,10
1389,09:30:02,$ 3525.50,68
1390,09:30:02,$ 3525.50,10
1391,09:30:02,$ 3525.50,10
1392,09:30:02,$ 3525.50,226
1393,09:30:02,$ 3525.50,766
1394,09:30:02,$ 3525.50,2
1395,09:30:02,$ 3525.50,1
1396,09:30:02,$ 3525.50,3
1397,09:30:02,$ 3525.50,4
1398,09:30:02,$ 3525.50,181
1399,09:30:02,$ 3525.50,1
1400,09:30:02,$ 3525.50,1
1401,09:30:02,$ 3525.50,1
1402,09:30:02,$ 3525.50,1
1403,09:30:02,$ 3525.50,1
1404,09:30:02,$ 3525.50,1
1405,09:30:02,$ 3525.50,1
1406,09:30:02,$ 3525.50,1
1408,09:30:02,$ 3525.50,1
1409,09:30:02,$ 3525.50,1
1410,09:30:02,$ 3525.50,1
1411,09:30:02,$ 3525.50,2
1412,09:30:02,$ 3525.50,1
1413,09:30:02,$ 3525.50,1
1414,09:30:02,$ 3525.50,1
1415,09:30:02,$ 3525.50,1
1416,09:30:02,$ 3525.50,1
1417,09:30:02,$ 3525.50,1
1418,09:30:02,$ 3525.50,1
1419,09:30:02,$ 3525.50,1
1420,09:30:02,$ 3525.50,1
1421,09:30:02,$ 3525.50,1
1422,09:30:02,$ 3525.50,2
1423,09:30:02,$ 3525.50,1
1424,09:30:02,$ 3525.50,4
1425,09:30:02,$ 3525.50,1
1426,09:30:02,$ 3525.50,1
1427,09:30:02,$ 3525.50,1
1429,09:30:02,$ 3525.50,1
1430,09:30:02,$ 3525.50,1
1431,09:30:02,$ 3525.50,5
1432,09:30:02,$ 3525.50,1
1433,09:30:02,$ 3525.50,10
1434,09:30:02,$ 3525.50,1
1435,09:30:02,$ 3525.50,1
1436,09:30:02,$ 3525.50,1
1437,09:30:02,$ 3525.50,1
1438,09:30:02,$ 3525.50,10
1439,09:30:02,$ 3525.50,5
1440,09:30:02,$ 3525.50,1
1441,09:30:02,$ 3525.50,1
1442,09:30:02,$ 3525.50,1
1443,09:30:02,$ 3525.50,2
1444,09:30:02,$ 3525.50,4
1445,09:30:02,$ 3525.50,1
1446,09:30:02,$ 3525.50,1
1447,09:30:02,$ 3525.50,9
1448,09:30:02,$ 3525.50,3
1450,09:30:02,$ 3525.50,9
1451,09:30:02,$ 3525.50,100
1452,09:30:02,$ 3525.50,4
1453,09:30:02,$ 3525.50,1
1454,09:30:02,$ 3525.50,1
1455,09:30:02,$ 3525.50,2
1456,09:30:02,$ 3525.50,1
1457,09:30:02,$ 3525.50,1
1458,09:30:02,$ 3525.50,1
1459,09:30:02,$ 3525.50,2
1460,09:30:02,$ 3525.50,3
1461,09:30:02,$ 3525.50,1
1462,09:30:02,$ 3525.50,3
1463,09:30:02,$ 3525.50,1
1464,09:30:02,$ 3525.50,2
1465,09:30:02,$ 3525.50,1
1466,09:30:02,$ 3525.50,1
1467,09:30:02,$ 3525.50,2
1468,09:30:02,$ 3525.50,2
1469,09:30:02,$ 3525.50,2
1471,09:30:02,$ 3525.50,2
1472,09:30:02,$ 3525.50,2
1473,09:30:02,$ 3525.50,2
1474,09:30:02,$ 3525.50,2
1475,09:30:02,$ 3525.50,1
1476,09:30:02,$ 3525.50,1
1477,09:30:02,$ 3525.50,1
1478,09:30:02,$ 3525.50,1
1479,09:30:02,$ 3525.50,2
1480,09:30:02,$ 3525.50,2
1481,09:30:02,$ 3525.50,3
1482,09:30:02,$ 3525.50,1
1483,09:30:02,$ 3525.50,1
1484,09:30:02,$ 3525.50,60
1485,09:30:02,$ 3525.50,2
1486,09:30:02,$ 3525.50,1
1487,09:30:02,$ 3525.50,1
1488,09:30:02,$ 3525.50,1
1489,09:30:02,$ 3525.50,1
1490,09:30:02,$ 3525.50,2
1492,09:30:02,$ 3525.50,73
1493,09:30:02,$ 3525.50,100
1494,09:30:02,$ 3525.50,2
1495,09:30:02,$ 3525.50,100
1496,09:30:02,$ 3525.50,100
1497,09:30:02,$ 3525.50,61
1498,09:30:02,$ 3525.50,11
1499,09:30:02,$ 3525.50,233
1500,09:30:02,$ 3525.50,1
1501,09:30:02,$ 3525.50,7
1502,09:30:02,$ 3525.50,174
1503,09:30:02,$ 3525.50,"1,300"
1504,09:30:02,$ 3525.50,200
1505,09:30:02,$ 3525.50,28
1506,09:30:02,$ 3525.50,1
1507,09:30:02,$ 3525.50,5
1508,09:30:02,$ 3525.50,200
1509,09:30:02,$ 3525.50,1
1510,09:30:02,$ 3525.50,8
1511,09:30:02,$ 3525.50,253
1513,09:30:02,$ 3525.50,1
1514,09:30:02,$ 3525.50,9
1515,09:30:02,$ 3525.50,1
1516,09:30:02,$ 3525.50,28
1517,09:30:02,$ 3525.50,4
1518,09:30:02,$ 3525.50,200
1519,09:30:02,$ 3525.50,301
1520,09:30:02,$ 3525.50,659
1521,09:30:02,$ 3525.50,1
1522,09:30:02,$ 3525.50,1
1523,09:30:02,$ 3525.50,1
1524,09:30:02,$ 3525.50,2
1525,09:30:02,$ 3525.50,40
1526,09:30:02,$ 3525.50,4
1527,09:30:02,$ 3525.50,3
1528,09:30:02,$ 3525.50,67
1529,09:30:02,$ 3525.50,18
1530,09:30:02,$ 3525.50,31
1531,09:30:02,$ 3525.50,31
1532,09:30:02,$ 3525.50,3
1534,09:30:02,$ 3525.50,3
1535,09:30:02,$ 3525.50,53
1536,09:30:02,$ 3525.50,14
1537,09:30:02,$ 3525.50,100
1538,09:30:02,$ 3525.50,70
1539,09:30:02,$ 3525.50,5
1540,09:30:02,$ 3525.50,11
1541,09:30:02,$ 3525.50,1
1542,09:30:02,$ 3525.50,1
1543,09:30:02,$ 3525.50,3
1544,09:30:02,$ 3525.50,1
1545,09:30:02,$ 3525.50,40
1546,09:30:02,$ 3525.50,174
1547,09:30:02,$ 3525.50,10
1548,09:30:02,$ 3525.50,1
1549,09:30:02,$ 3525.50,1
1550,09:30:02,$ 3525.50,4
1551,09:30:02,$ 3525.50,3
1552,09:30:02,$ 3525.50,10
1553,09:30:02,$ 3525.50,1
1555,09:30:02,$ 3525.50,16
1556,09:30:02,$ 3525.50,10
1557,09:30:02,$ 3525.50,6
1558,09:30:02,$ 3525.50,10
1559,09:30:02,$ 3525.50,18
1560,09:30:02,$ 3525.50,2
1561,09:30:02,$ 3525.50,25
1562,09:30:02,$ 3525.50,1
1563,09:30:02,$ 3525.50,1
1564,09:30:02,$ 3525.50,1
1565,09:30:02,$ 3525.50,1
1566,09:30:02,$ 3525.50,14
1567,09:30:02,$ 3525.50,11
1568,09:30:02,$ 3525.50,6
1569,09:30:02,$ 3525.50,424
1570,09:30:02,$ 3525.50,5
1571,09:30:02,$ 3525.50,16
1572,09:30:02,$ 3525.50,12
1573,09:30:02,$ 3525.50,1
1574,09:30:02,$ 3525.50,5
1576,09:30:02,$ 3525.50,4
1577,09:30:02,$ 3525.50,2
1578,09:30:02,$ 3525.50,162
1579,09:30:02,$ 3525.50,2
1580,09:30:02,$ 3525.50,6
1581,09:30:02,$ 3525.50,4
1582,09:30:02,$ 3525.50,20
1583,09:30:02,$ 3525.50,10
1584,09:30:02,$ 3525.50,141
1585,09:30:02,$ 3525.50,70
1586,09:30:02,$ 3525.50,1
1587,09:30:02,$ 3525.50,1
1588,09:30:02,$ 3525.50,2
1589,09:30:02,$ 3525.50,1
1590,09:30:02,$ 3525.50,8
1591,09:30:02,$ 3525.50,10
1592,09:30:02,$ 3525.50,63
1593,09:30:02,$ 3525.50,2
1594,09:30:02,$ 3525.50,1
1595,09:30:02,$ 3525.50,1
1597,09:30:02,$ 3525.50,2
1598,09:30:02,$ 3525.50,8
1599,09:30:02,$ 3525.50,20
1600,09:30:02,$ 3525.50,1
1601,09:30:02,$ 3525.50,2
1602,09:30:02,$ 3525.50,1
1603,09:30:02,$ 3525.50,1
1604,09:30:02,$ 3525.50,1
1605,09:30:02,$ 3525.50,3
1606,09:30:02,$ 3525.50,100
1607,09:30:02,$ 3525.50,1
1608,09:30:02,$ 3525.50,15
1609,09:30:02,$ 3525.50,294
1610,09:30:02,$ 3525.50,1
1611,09:30:02,$ 3525.50,33
1612,09:30:02,$ 3525.50,11
1613,09:30:02,$ 3525.50,1
1614,09:30:02,$ 3525.50,2
1615,09:30:02,$ 3525.50,1
1616,09:30:02,$ 3525.50,7
1618,09:30:02,$ 3525.50,1
1619,09:30:02,$ 3525.50,1
1620,09:30:02,$ 3525.50,1
1621,09:30:02,$ 3525.50,10
1622,09:30:02,$ 3525.50,13
1623,09:30:02,$ 3525.50,238
1624,09:30:02,$ 3525.50,1
1625,09:30:02,$ 3525.50,2
1626,09:30:02,$ 3525.50,20
1627,09:30:02,$ 3525.50,1
1628,09:30:02,$ 3525.50,100
1629,09:30:02,$ 3525.50,6
1630,09:30:02,$ 3525.50,33
1631,09:30:02,$ 3525.50,25
1632,09:30:02,$ 3525.50,8
1633,09:30:02,$ 3525.50,1
1634,09:30:02,$ 3525.50,10
1635,09:30:02,$ 3525.50,319
1636,09:30:02,$ 3525.50,40
1637,09:30:02,$ 3525.50,14
1639,09:30:02,$ 3525.50,13
1640,09:30:02,$ 3525.50,496
1641,09:30:02,$ 3525.50,100
1642,09:30:02,$ 3525.50,1
1643,09:30:02,$ 3525.50,116
1644,09:30:02,$ 3525.50,5
1645,09:30:02,$ 3525.50,3
1646,09:30:02,$ 3525.50,45
1647,09:30:02,$ 3525.50,4
1648,09:30:02,$ 3525.50,115
1649,09:30:02,$ 3525.50,1
1650,09:30:02,$ 3525.50,1
1651,09:30:02,$ 3525.50,2
1652,09:30:02,$ 3525.50,20
1653,09:30:02,$ 3525.50,23
1654,09:30:02,$ 3525.50,10
1655,09:30:02,$ 3525.50,3
1656,09:30:02,$ 3525.50,1
1657,09:30:02,$ 3525.50,21
1658,09:30:02,$ 3525.50,1
1660,09:30:02,$ 3525.50,3
1661,09:30:02,$ 3525.50,1
1662,09:30:02,$ 3525.50,1
1663,09:30:02,$ 3525.50,14
1664,09:30:02,$ 3525.50,1
1665,09:30:02,$ 3525.50,1
1666,09:30:02,$ 3525.50,27
1667,09:30:02,$ 3525.50,1
1668,09:30:02,$ 3525.50,1
1669,09:30:02,$ 3525.50,25
1670,09:30:02,$ 3525.50,1
1671,09:30:02,$ 3525.50,1
1672,09:30:02,$ 3525.50,3
1673,09:30:02,$ 3525.50,116
1674,09:30:02,$ 3525.50,5
1675,09:30:02,$ 3525.50,5
1676,09:30:02,$ 3525.50,1
1677,09:30:02,$ 3525.50,23
1678,09:30:02,$ 3525.50,1
1679,09:30:02,$ 3525.50,1
1681,09:30:02,$ 3525.50,70
1682,09:30:02,$ 3525.50,1
1683,09:30:02,$ 3525.50,155
1684,09:30:02,$ 3525.50,1
1685,09:30:02,$ 3525.50,1
1686,09:30:02,$ 3525.50,4
1687,09:30:02,$ 3525.50,4
1688,09:30:02,$ 3525.50,2
1689,09:30:02,$ 3525.50,11
1690,09:30:02,$ 3525.50,6
1691,09:30:02,$ 3525.50,9
1692,09:30:02,$ 3525.50,1
1693,09:30:02,$ 3525.50,7
1694,09:30:02,$ 3525.50,5
1695,09:30:02,$ 3525.50,3
1696,09:30:02,$ 3525.50,1
1697,09:30:02,$ 3525.50,87
1698,09:30:02,$ 3525.50,4
1699,09:30:02,$ 3525.50,1
1700,09:30:02,$ 3525.50,9
1702,09:30:02,$ 3525.50,80
1703,09:30:02,$ 3525.50,46
1704,09:30:02,$ 3525.50,30
1705,09:30:02,$ 3525.50,1
1706,09:30:02,$ 3525.50,3
1707,09:30:02,$ 3525.50,10
1708,09:30:02,$ 3525.50,1
1709,09:30:02,$ 3525.50,11
1710,09:30:02,$ 3525.50,5
1711,09:30:02,$ 3525.50,20
1712,09:30:02,$ 3525.50,140
1713,09:30:02,$ 3525.50,1
1714,09:30:02,$ 3525.50,159
1715,09:30:02,$ 3525.50,180
1716,09:30:02,$ 3525.50,3
1717,09:30:02,$ 3525.50,7
1718,09:30:02,$ 3525.50,5
1719,09:30:02,$ 3525.50,5
1720,09:30:02,$ 3525.50,1
1721,09:30:02,$ 3525.50,2
1723,09:30:02,$ 3525.50,1
1724,09:30:02,$ 3525.50,4
1725,09:30:02,$ 3525.50,163
1726,09:30:02,$ 3525.50,1
1727,09:30:02,$ 3525.50,6
1728,09:30:02,$ 3525.50,10
1729,09:30:02,$ 3525.50,1
1730,09:30:02,$ 3525.50,1
1731,09:30:02,$ 3525.50,3
1732,09:30:02,$ 3525.50,1
1733,09:30:02,$ 3525.50,1
1734,09:30:02,$ 3525.50,55
1735,09:30:02,$ 3525.50,2
1736,09:30:02,$ 3525.50,4
1737,09:30:02,$ 3525.50,3
1738,09:30:02,$ 3525.50,2
1739,09:30:02,$ 3525.50,2
1740,09:30:02,$ 3525.50,2
1741,09:30:02,$ 3525.50,1
1742,09:30:02,$ 3525.50,1
1744,09:30:02,$ 3525.50,2
1745,09:30:02,$ 3525.50,12
1746,09:30:02,$ 3525.50,35
1747,09:30:02,$ 3525.50,1
1748,09:30:02,$ 3525.50,708
1749,09:30:02,$ 3525.50,3
1750,09:30:02,$ 3525.50,14
1751,09:30:02,$ 3525.50,80
1752,09:30:02,$ 3525.50,1
1753,09:30:02,$ 3525.50,853
1754,09:30:02,$ 3525.50,1
1755,09:30:02,$ 3525.50,32
1756,09:30:02,$ 3525.50,6
1757,09:30:02,$ 3525.50,1
1758,09:30:02,$ 3525.50,6
1759,09:30:02,$ 3525.50,1
1760,09:30:02,$ 3525.50,3
1761,09:30:02,$ 3525.50,20
1762,09:30:02,$ 3525.50,194
1763,09:30:02,$ 3525.50,4
1765,09:30:02,$ 3525.50,1
1766,09:30:02,$ 3525.50,1
1767,09:30:02,$ 3525.50,2
1768,09:30:02,$ 3525.50,1
1769,09:30:02,$ 3525.50,3
1770,09:30:02,$ 3525.50,4
1771,09:30:02,$ 3525.50,3
1772,09:30:02,$ 3525.50,5
1773,09:30:02,$ 3525.50,8
1774,09:30:02,$ 3525.50,14
1775,09:30:02,$ 3525.50,6
1776,09:30:02,$ 3525.50,9
1777,09:30:02,$ 3525.50,1
1778,09:30:02,$ 3525.50,28
1779,09:30:02,$ 3525.50,140
1780,09:30:02,$ 3525.50,140
1781,09:30:02,$ 3525.50,3
1782,09:30:02,$ 3525.50,1
1783,09:30:02,$ 3525.50,1
1784,09:30:02,$ 3525.50,4
1786,09:30:02,$ 3525.50,2
1787,09:30:02,$ 3525.50,6
1788,09:30:02,$ 3525.50,1
1789,09:30:02,$ 3525.50,1
1790,09:30:02,$ 3525.50,50
1791,09:30:02,$ 3525.50,1
1792,09:30:02,$ 3525.50,1
1793,09:30:02,$ 3525.50,2
1794,09:30:02,$ 3525.50,14
1795,09:30:02,$ 3525.50,2
1796,09:30:02,$ 3525.50,1
1797,09:30:02,$ 3525.50,85
1798,09:30:02,$ 3525.50,1
1799,09:30:02,$ 3525.50,1
1800,09:30:02,$ 3525.50,2
1801,09:30:02,$ 3525.50,1
1802,09:30:02,$ 3525.50,1
1803,09:30:02,$ 3525.50,2
1804,09:30:02,$ 3525.50,1
1805,09:30:02,$ 3525.50,1
1807,09:30:02,$ 3525.50,17
1808,09:30:02,$ 3525.50,1
1809,09:30:02,$ 3525.50,2
1810,09:30:02,$ 3525.50,1
1811,09:30:02,$ 3525.50,1
1812,09:30:02,$ 3525.50,15
1813,09:30:02,$ 3525.50,1
1814,09:30:02,$ 3525.50,142
1815,09:30:02,$ 3525.50,2
1816,09:30:02,$ 3525.50,6
1817,09:30:02,$ 3525.50,85
1818,09:30:02,$ 3525.50,7
1819,09:30:02,$ 3525.50,10
1820,09:30:02,$ 3525.50,1
1821,09:30:02,$ 3525.50,1
1822,09:30:02,$ 3525.50,3
1823,09:30:02,$ 3525.50,2
1824,09:30:02,$ 3525.50,3
1825,09:30:02,$ 3525.50,1
1826,09:30:02,$ 3525.50,3
1828,09:30:02,$ 3525.50,3
1829,09:30:02,$ 3525.50,1
1830,09:30:02,$ 3525.50,3
1831,09:30:02,$ 3525.50,5
1832,09:30:02,$ 3525.50,1
1833,09:30:02,$ 3525.50,2
1834,09:30:02,$ 3525.50,11
1835,09:30:02,$ 3525.50,3
1836,09:30:02,$ 3525.50,2
1837,09:30:02,$ 3525.50,1
1838,09:30:02,$ 3525.50,1
1839,09:30:02,$ 3525.50,3
1840,09:30:02,$ 3525.50,2
1841,09:30:02,$ 3525.50,1
1842,09:30:02,$ 3525.50,1
1843,09:30:02,$ 3525.50,2
1844,09:30:02,$ 3525.50,6
1845,09:30:02,$ 3525.50,1
1846,09:30:02,$ 3525.50,3
1847,09:30:02,$ 3525.50,11
1849,09:30:02,$ 3525.50,3
1850,09:30:02,$ 3525.50,1
1851,09:30:02,$ 3525.50,1
1852,09:30:02,$ 3525.50,3
1853,09:30:02,$ 3525.50,2
1854,09:30:02,$ 3525.50,2
1855,09:30:02,$ 3525.50,5
1856,09:30:02,$ 3525.50,1
1857,09:30:02,$ 3525.50,5
1858,09:30:02,$ 3525.50,2
1859,09:30:02,$ 3525.50,1
1860,09:30:02,$ 3525.50,2
1861,09:30:02,$ 3525.50,4
1862,09:30:02,$ 3525.50,4
1863,09:30:02,$ 3525.50,1
1864,09:30:02,$ 3525.50,2
1865,09:30:02,$ 3525.50,2
1866,09:30:02,$ 3525.50,1
1867,09:30:02,$ 3525.50,2
1868,09:30:02,$ 3525.50,1
1870,09:30:02,$ 3525.50,10
1871,09:30:02,$ 3525.50,9
1872,09:30:02,$ 3525.50,15
1873,09:30:02,$ 3525.50,6
1874,09:30:02,$ 3525.50,2
1875,09:30:02,$ 3525.50,20
1876,09:30:02,$ 3525.50,11
1877,09:30:02,$ 3525.50,3
1878,09:30:02,$ 3525.50,1
1879,09:30:02,$ 3525.50,30
1880,09:30:02,$ 3525.50,15
1881,09:30:02,$ 3525.50,8
1882,09:30:02,$ 3525.50,1
1883,09:30:02,$ 3525.50,17
1884,09:30:02,$ 3525.50,3
1885,09:30:02,$ 3525.50,13
1886,09:30:02,$ 3525.50,6
1887,09:30:02,$ 3525.50,6
1888,09:30:02,$ 3525.50,1
1889,09:30:02,$ 3525.50,7
1891,09:30:02,$ 3525.50,3
1892,09:30:02,$ 3525.50,5
1893,09:30:02,$ 3525.50,1
1894,09:30:02,$ 3525.50,1
1895,09:30:02,$ 3525.50,1
1896,09:30:02,$ 3525.50,17
1897,09:30:02,$ 3525.50,"2,000"
1898,09:30:02,$ 3525.50,1
1899,09:30:02,$ 3525.50,3
1900,09:30:02,$ 3525.50,1
1901,09:30:02,$ 3525.50,1
1902,09:30:02,$ 3525.50,1
1903,09:30:02,$ 3525.50,1
1904,09:30:02,$ 3525.50,2
1905,09:30:02,$ 3525.50,2
1906,09:30:02,$ 3525.50,1
1907,09:30:02,$ 3525.50,1
1908,09:30:02,$ 3525.50,1
1909,09:30:02,$ 3525.50,1
1910,09:30:02,$ 3525.50,1
1912,09:30:02,$ 3525.50,1
1913,09:30:02,$ 3525.50,2
1914,09:30:02,$ 3525.50,2
1915,09:30:02,$ 3525.50,3
1916,09:30:02,$ 3525.50,1
1917,09:30:02,$ 3525.50,2
1918,09:30:02,$ 3525.50,1
1919,09:30:02,$ 3525.50,1
1920,09:30:02,$ 3525.50,3
1921,09:30:02,$ 3525.50,4
1922,09:30:02,$ 3525.50,1
1923,09:30:02,$ 3525.50,5
1924,09:30:02,$ 3525.50,1
1925,09:30:02,$ 3525.50,1
1926,09:30:02,$ 3525.50,13
1927,09:30:02,$ 3525.50,1
1928,09:30:02,$ 3525.50,2
1929,09:30:02,$ 3525.50,22
1930,09:30:02,$ 3525.50,2
1931,09:30:02,$ 3525.50,3
1933,09:30:02,$ 3525.50,3
1934,09:30:02,$ 3525.50,1
1935,09:30:02,$ 3525.50,1
1936,09:30:02,$ 3525.50,2
1937,09:30:02,$ 3525.50,1
1938,09:30:02,$ 3525.50,3
1939,09:30:02,$ 3525.50,10
1940,09:30:02,$ 3525.50,2
1941,09:30:02,$ 3525.50,3
1942,09:30:02,$ 3525.50,1
1943,09:30:02,$ 3525.50,2
1944,09:30:02,$ 3525.50,5
1945,09:30:02,$ 3525.50,1
1946,09:30:02,$ 3525.50,2
1947,09:30:02,$ 3525.50,14
1948,09:30:02,$ 3525.50,1
1949,09:30:02,$ 3525.50,1
1950,09:30:02,$ 3525.50,2
1951,09:30:02,$ 3525.50,6
1952,09:30:02,$ 3525.50,5
1954,09:30:02,$ 3525.50,34
1955,09:30:02,$ 3525.50,7
1956,09:30:02,$ 3525.50,7
1957,09:30:02,$ 3525.50,60
1958,09:30:02,$ 3525.50,1
1959,09:30:02,$ 3525.50,1
1960,09:30:02,$ 3525.50,2
1961,09:30:02,$ 3525.50,21
1962,09:30:02,$ 3525.50,1
1963,09:30:02,$ 3525.50,12
1964,09:30:02,$ 3525.50,95
1965,09:30:02,$ 3525.50,10
1966,09:30:02,$ 3525.50,2
1967,09:30:02,$ 3525.50,1
1968,09:30:02,$ 3525.50,10
1969,09:30:02,$ 3525.50,1
1970,09:30:02,$ 3525.50,1
1971,09:30:02,$ 3525.50,1
1972,09:30:02,$ 3525.50,1
1973,09:30:02,$ 3525.50,50
1975,09:30:02,$ 3525.50,1
1976,09:30:02,$ 3525.50,1
1977,09:30:02,$ 3525.50,2
1978,09:30:02,$ 3525.50,1
1979,09:30:02,$ 3525.50,4
1980,09:30:02,$ 3525.50,2
1981,09:30:02,$ 3525.50,1
1982,09:30:02,$ 3525.50,1
1983,09:30:02,$ 3525.50,3
1984,09:30:02,$ 3525.50,1
1985,09:30:02,$ 3525.50,3
1986,09:30:02,$ 3525.50,1
1987,09:30:02,$ 3525.50,1
1988,09:30:02,$ 3525.50,1
1989,09:30:02,$ 3525.50,6
1990,09:30:02,$ 3525.50,1
1991,09:30:02,$ 3525.50,3
1992,09:30:02,$ 3525.50,2
1993,09:30:02,$ 3525.50,1
1994,09:30:02,$ 3525.50,6
1996,09:30:02,$ 3525.50,1
1997,09:30:02,$ 3525.50,2
1998,09:30:02,$ 3525.50,3
1999,09:30:02,$ 3525.50,2
2000,09:30:02,$ 3525.50,1
2001,09:30:02,$ 3525.50,1
2002,09:30:02,$ 3525.50,1
2003,09:30:02,$ 3525.50,2
2004,09:30:02,$ 3525.50,1
2005,09:30:02,$ 3525.50,1
2006,09:30:02,$ 3525.50,1
2007,09:30:02,$ 3525.50,2
2008,09:30:02,$ 3525.50,2
2009,09:30:02,$ 3525.50,10
2010,09:30:02,$ 3525.50,200
2011,09:30:02,$ 3525.50,10
2012,09:30:02,$ 3525.50,1
2013,09:30:02,$ 3525.50,24
2014,09:30:02,$ 3525.50,6
2015,09:30:02,$ 3525.50,11
2017,09:30:02,$ 3525.50,2
2018,09:30:02,$ 3525.50,10
2019,09:30:02,$ 3525.50,1
2020,09:30:02,$ 3525.50,1
2021,09:30:02,$ 3525.50,2
2022,09:30:02,$ 3525.50,1
2023,09:30:02,$ 3525.50,1
2024,09:30:02,$ 3525.50,1
2025,09:30:02,$ 3525.50,1
2026,09:30:02,$ 3525.50,8
2027,09:30:02,$ 3525.50,1
2028,09:30:02,$ 3525.50,1
2029,09:30:02,$ 3525.50,1
2030,09:30:02,$ 3525.50,11
2031,09:30:02,$ 3525.50,1
2032,09:30:02,$ 3525.50,28
2033,09:30:02,$ 3525.50,1
2034,09:30:02,$ 3525.50,2
2035,09:30:02,$ 3525.50,10
2036,09:30:02,$ 3525.50,8
2038,09:30:02,$ 3525.50,1
2039,09:30:02,$ 3525.50,1
2040,09:30:02,$ 3525.50,1
2041,09:30:02,$ 3525.50,1
2042,09:30:02,$ 3525.50,30
2043,09:30:02,$ 3525.50,17
2044,09:30:02,$ 3525.50,3
2045,09:30:02,$ 3525.50,8
2046,09:30:02,$ 3525.50,4
2047,09:30:02,$ 3525.50,4
2048,09:30:02,$ 3525.50,9
2049,09:30:02,$ 3525.50,2
2050,09:30:02,$ 3525.50,3
2051,09:30:02,$ 3525.50,1
2052,09:30:02,$ 3525.50,1
2053,09:30:02,$ 3525.50,9
2054,09:30:02,$ 3525.50,1
2055,09:30:02,$ 3525.50,1
2056,09:30:02,$ 3525.50,4
2057,09:30:02,$ 3525.50,2
2059,09:30:02,$ 3525.50,1
2060,09:30:02,$ 3525.50,1
2061,09:30:02,$ 3525.50,14
2062,09:30:02,$ 3525.50,1
2063,09:30:02,$ 3525.50,1
2064,09:30:02,$ 3525.50,1
2065,09:30:02,$ 3525.50,1
2066,09:30:02,$ 3525.50,1
2067,09:30:02,$ 3525.50,1
2068,09:30:02,$ 3525.50,100
2069,09:30:02,$ 3525.50,31
2070,09:30:02,$ 3525.50,28
2071,09:30:02,$ 3525.50,142
2072,09:30:02,$ 3525.50,17
2073,09:30:02,$ 3525.50,257
2074,09:30:02,$ 3525.50,100
2075,09:30:02,$ 3525.50,3
2076,09:30:02,$ 3525.50,2
2077,09:30:02,$ 3525.50,1
2078,09:30:02,$ 3525.50,1
2080,09:30:02,$ 3525.50,2
2081,09:30:02,$ 3525.50,130
2082,09:30:02,$ 3525.50,1
2083,09:30:02,$ 3525.50,1
2084,09:30:02,$ 3525.50,1
2085,09:30:02,$ 3525.50,1
2086,09:30:02,$ 3525.50,1
2087,09:30:02,$ 3525.50,1
2088,09:30:02,$ 3525.50,9
2089,09:30:02,$ 3525.50,1
2090,09:30:02,$ 3525.50,1
2091,09:30:02,$ 3525.50,3
2092,09:30:02,$ 3525.50,75
2093,09:30:02,$ 3525.50,100
2094,09:30:02,$ 3525.50,2
2095,09:30:02,$ 3525.50,308
2096,09:30:02,$ 3525.50,1
2097,09:30:02,$ 3525.50,2
2098,09:30:02,$ 3525.50,100
2099,09:30:02,$ 3525.50,3
2101,09:30:02,$ 3525.50,7
2102,09:30:02,$ 3525.50,2
2103,09:30:02,$ 3525.50,382
2104,09:30:02,$ 3525.50,1
2105,09:30:02,$ 3525.50,6
2106,09:30:02,$ 3525.50,6
2107,09:30:02,$ 3525.50,1
2108,09:30:02,$ 3525.50,1
2109,09:30:02,$ 3525.50,4
2110,09:30:02,$ 3525.50,10
2111,09:30:02,$ 3525.50,1
2112,09:30:02,$ 3525.50,7
2113,09:30:02,$ 3525.50,6
2114,09:30:02,$ 3525.50,5
2115,09:30:02,$ 3525.50,3
2116,09:30:02,$ 3525.50,10
2117,09:30:02,$ 3525.50,2
2118,09:30:02,$ 3525.50,10
2119,09:30:02,$ 3525.50,1
2120,09:30:02,$ 3525.50,13
2122,09:30:02,$ 3525.50,100
2123,09:30:02,$ 3525.50,3
2124,09:30:02,$ 3525.50,1
2125,09:30:02,$ 3525.50,141
2126,09:30:02,$ 3525.50,1
2127,09:30:02,$ 3525.50,1
2128,09:30:02,$ 3525.50,1
2129,09:30:02,$ 3525.50,206
2130,09:30:02,$ 3525.50,11
2131,09:30:02,$ 3525.50,2
2132,09:30:02,$ 3525.50,5
2133,09:30:02,$ 3525.50,459
2134,09:30:02,$ 3525.50,169
2135,09:30:02,$ 3525.50,19
2136,09:30:02,$ 3525.50,1
2137,09:30:02,$ 3525.50,1
2138,09:30:02,$ 3525.50,1
2139,09:30:02,$ 3525.50,21
2140,09:30:02,$ 3525.50,1
2141,09:30:02,$ 3525.50,1
2143,09:30:02,$ 3525.50,2
2144,09:30:02,$ 3525.50,1
2145,09:30:02,$ 3525.50,1
2146,09:30:02,$ 3525.50,22
2147,09:30:02,$ 3525.50,183
2148,09:30:02,$ 3525.50,1
2149,09:30:02,$ 3525.50,1
2150,09:30:02,$ 3525.50,1
2151,09:30:02,$ 3525.50,1
2152,09:30:02,$ 3525.50,5
2153,09:30:02,$ 3525.50,306
2154,09:30:02,$ 3525.50,2
2155,09:30:02,$ 3525.50,1
2156,09:30:02,$ 3525.50,1
2157,09:30:02,$ 3525.50,1
2158,09:30:02,$ 3525.50,5
2159,09:30:02,$ 3525.50,1
2160,09:30:02,$ 3525.50,3
2161,09:30:02,$ 3525.50,1
2162,09:30:02,$ 3525.50,16
2164,09:30:02,$ 3525.50,125
2165,09:30:02,$ 3525.50,3
2166,09:30:02,$ 3525.50,28
2167,09:30:02,$ 3525.50,1
2168,09:30:02,$ 3525.50,4
2169,09:30:02,$ 3527.04,200
2170,09:30:01,$ 3525.50,10
2171,09:30:01,$ 3525.50,10
2172,09:30:01,$ 3525.50,39
2173,09:30:01,$ 3525.50,1
2175,10:29:55,$ 3533.70,100
2176,10:29:44,$ 3533.63,100
2177,10:29:44,$ 3532.80,100
2178,10:29:19,$ 3532.60,460
2179,10:29:14,$ 3531.7826,100
2180,10:29:03,$ 3531.64,500
2181,10:29:01,$ 3532.29,100
2182,10:28:59,$ 3532.14,100
2183,10:28:49,$ 3532.03,100
2184,10:28:49,$ 3532.03,300
2185,10:28:38,$ 3531.93,200
2186,10:28:38,$ 3531.66,100
2187,10:28:38,$ 3530.925,100
2188,10:28:37,$ 3530.94,100
2189,10:28:37,$ 3530.96,100
2190,10:28:37,$ 3530.96,100
2191,10:28:37,$ 3530.96,100
2192,10:28:37,$ 3530.93,100
2193,10:28:23,$ 3530.115,100
2194,10:28:16,$ 3530.715,300
2196,10:28:06,$ 3530.115,100
2197,10:28:05,$ 3529.955,100
2198,10:28:02,$ 3529.555,100
2199,10:28:02,$ 3529.49,100
2200,10:28:02,$ 3529.50,100
2201,10:28:02,$ 3529.56,200
2202,10:28:02,$ 3529.5583,100
2203,10:28:02,$ 3529.85,100
2204,10:27:47,$ 3530.155,140
2205,10:27:44,$ 3529.82,200
2206,10:27:33,$ 3530.08,100
2207,10:27:25,$ 3530.4597,400
2208,10:27:23,$ 3529.90,100
2209,10:27:20,$ 3529.65,200
2210,10:27:20,$ 3530.11,100
2211,10:27:13,$ 3529.25,100
2212,10:27:00,$ 3529.67,100
2213,10:26:59,$ 3529.655,100
2214,10:26:57,$ 3529.565,200
2215,10:26:56,$ 3529.43,200
2217,10:26:53,$ 3529.74,100
2218,10:26:48,$ 3529.42,100
2219,10:26:41,$ 3530.38,100
2220,10:26:25,$ 3529.90,100
2221,10:26:12,$ 3529.825,100
2222,10:26:11,$ 3530.20,100
2223,10:26:11,$ 3530.20,100
2224,10:26:02,$ 3529.64,200
2225,10:25:57,$ 3529.3434,150
2226,10:25:51,$ 3529.485,200
2227,10:25:49,$ 3530.00,200
2228,10:25:49,$ 3529.97,100
2229,10:25:49,$ 3530.00,236
2230,10:25:49,$ 3530.00,182
2231,10:25:48,$ 3530.215,100
2232,10:25:42,$ 3529.675,200
2233,10:25:42,$ 3530.65,200
2234,10:25:41,$ 3531.125,200
2235,10:25:40,$ 3531.325,100
2236,10:25:30,$ 3530.70,100
2238,10:25:29,$ 3530.76,100
2239,10:25:21,$ 3530.00,100
2240,10:25:21,$ 3530.12,200
2241,10:25:21,$ 3530.12,200
2242,10:25:20,$ 3529.99,100
2243,10:25:16,$ 3530.2315,100
2244,10:25:13,$ 3529.34,100
2245,10:25:13,$ 3529.8725,100
2246,10:25:10,$ 3530.60,"1,500"
2247,10:25:10,$ 3529.25,100
2248,10:25:09,$ 3528.795,200
2249,10:25:08,$ 3528.715,100
2250,10:25:08,$ 3529.02,100
2251,10:25:08,$ 3528.75,100
2252,10:25:08,$ 3528.36,100
2253,10:25:08,$ 3528.36,300
2254,10:25:08,$ 3528.345,200
2255,10:25:08,$ 3528.20,100
2256,10:25:02,$ 3528.6662,100
2257,10:25:02,$ 3528.235,100
2259,10:25:01,$ 3528.1564,100
2260,10:25:01,$ 3528.23,100
2261,10:25:01,$ 3528.19,280
2262,10:25:01,$ 3529.36,200
2263,10:25:01,$ 3528.42,"1,300"
2264,10:25:01,$ 3528.2696,100
2265,10:25:01,$ 3527.81,100
2266,10:24:59,$ 3527.8244,200
2267,10:24:58,$ 3527.46,100
2268,10:24:58,$ 3527.975,200
2269,10:24:58,$ 3528.22,100
2270,10:24:57,$ 3528.795,100
2271,10:24:56,$ 3529.09,100
2272,10:24:56,$ 3529.25,100
2273,10:24:56,$ 3529.25,147
2274,10:24:42,$ 3529.33,500
2275,10:24:39,$ 3529.79,100
2276,10:24:37,$ 3529.48,100
2277,10:24:37,$ 3529.48,100
2278,10:24:34,$ 3529.61,200
2280,10:24:34,$ 3529.61,200
2281,10:24:33,$ 3529.705,100
2282,10:24:27,$ 3530.24,100
2283,10:24:27,$ 3530.18,100
2284,10:24:27,$ 3530.12,100
2285,10:24:24,$ 3530.19,100
2286,10:23:44,$ 3530.21,100
2287,10:23:41,$ 3530.00,188
2288,10:23:41,$ 3530.07,118
2289,10:23:41,$ 3530.07,282
2290,10:23:35,$ 3531.80,500
2291,10:23:33,$ 3531.08,100
2292,10:23:30,$ 3530.795,100
2293,10:23:29,$ 3530.2904,100
2294,10:23:25,$ 3530.52,100
2295,10:22:48,$ 3531.1484,500
2296,10:22:45,$ 3531.695,100
2297,10:22:45,$ 3531.70,100
2298,10:22:40,$ 3532.33,100
2299,10:22:34,$ 3532.0494,113
2301,10:22:33,$ 3531.425,100
2302,10:22:28,$ 3531.505,200
2303,10:22:16,$ 3532.15,100
2304,10:22:11,$ 3532.155,100
2305,10:22:06,$ 3532.045,100
2306,10:21:55,$ 3530.99,100
2307,10:21:48,$ 3530.77,100
2308,10:21:41,$ 3530.33,161
2309,10:21:26,$ 3529.98,100
2310,10:21:26,$ 3529.73,120
2311,10:21:21,$ 3529.04,100
2312,10:21:21,$ 3529.23,100
2313,10:21:21,$ 3529.02,100
2314,10:21:11,$ 3529.035,500
2315,10:21:10,$ 3528.845,100
2316,10:21:10,$ 3528.0201,100
2317,10:21:09,$ 3528.8046,100
2318,10:21:07,$ 3528.025,100
2319,10:21:07,$ 3528.89,100
2320,10:21:06,$ 3530.08,100
2322,10:21:01,$ 3531.29,100
2323,10:20:58,$ 3531.28,100
2324,10:20:56,$ 3531.2595,100
2325,10:20:53,$ 3531.41,100
2326,10:20:41,$ 3531.4742,232
2327,10:20:38,$ 3531.02,100
2328,10:20:38,$ 3531.22,100
2329,10:20:38,$ 3531.0035,100
2330,10:20:38,$ 3531.02,100
2331,10:20:38,$ 3531.06,100
2332,10:20:35,$ 3531.91,100
2333,10:20:35,$ 3532.02,100
2334,10:20:32,$ 3532.08,100
2335,10:20:18,$ 3532.8848,227
2336,10:20:15,$ 3533.15,100
2337,10:20:13,$ 3533.00,250
2338,10:20:13,$ 3533.00,100
2339,10:20:12,$ 3533.43,100
2340,10:20:08,$ 3533.0101,400
2341,10:20:04,$ 3534.13,100
2343,10:20:04,$ 3534.13,100
2344,10:20:00,$ 3534.49,100
2345,10:19:51,$ 3534.5841,140
2346,10:19:38,$ 3533.785,100
2347,10:18:59,$ 3534.66,100
2348,10:18:48,$ 3535.11,100
2349,10:18:48,$ 3535.15,100
2350,10:18:27,$ 3535.00,120
2351,10:18:26,$ 3535.00,100
2352,10:18:26,$ 3535.26,100
2353,10:18:26,$ 3535.00,100
2354,10:18:24,$ 3535.065,100
2355,10:18:24,$ 3535.055,100
2356,10:18:24,$ 3535.095,100
2357,10:18:23,$ 3535.84,100
2358,10:18:19,$ 3535.625,400
2359,10:18:08,$ 3535.74,100
2360,10:18:08,$ 3535.68,100
2361,10:18:08,$ 3535.81,100
2362,10:18:08,$ 3535.95,100
2364,10:18:02,$ 3535.53,100
2365,10:18:00,$ 3535.715,100
2366,10:18:00,$ 3535.7536,530
2367,10:17:56,$ 3535.57,100
2368,10:17:54,$ 3536.07,100
2369,10:17:36,$ 3536.23,100
2370,10:17:36,$ 3535.655,100
2371,10:17:24,$ 3535.17,100
2372,10:17:08,$ 3535.1701,100
2373,10:16:51,$ 3534.645,100
2374,10:16:47,$ 3534.645,100
2375,10:16:47,$ 3534.65,100
2376,10:16:46,$ 3534.85,100
2377,10:16:46,$ 3534.80,100
2378,10:16:44,$ 3534.10,100
2379,10:16:41,$ 3533.533,500
2380,10:16:39,$ 3533.415,100
2381,10:16:36,$ 3533.55,100
2382,10:16:35,$ 3533.552,500
2383,10:16:32,$ 3533.52,100
2385,10:16:30,$ 3533.435,500
2386,10:16:23,$ 3532.39,100
2387,10:16:21,$ 3532.775,100
2388,10:16:17,$ 3532.955,100
2389,10:16:17,$ 3533.52,100
2390,10:16:17,$ 3533.52,100
2391,10:16:15,$ 3533.565,100
2392,10:16:15,$ 3532.9901,100
2393,10:16:15,$ 3533.535,100
2394,10:16:10,$ 3533.585,100
2395,10:16:05,$ 3533.625,100
2396,10:16:00,$ 3533.67,100
2397,10:15:59,$ 3533.695,100
2398,10:15:58,$ 3533.683,500
2399,10:15:57,$ 3533.47,100
2400,10:15:56,$ 3533.665,100
2401,10:15:56,$ 3533.425,100
2402,10:15:56,$ 3533.5775,100
2403,10:15:55,$ 3533.74,100
2404,10:15:50,$ 3533.875,100
2406,10:15:47,$ 3533.88,300
2407,10:15:47,$ 3533.885,100
2408,10:15:45,$ 3534.01,100
2409,10:15:45,$ 3534.32,100
2410,10:15:44,$ 3534.505,100
2411,10:15:44,$ 3534.65,100
2412,10:15:43,$ 3534.965,100
2413,10:15:43,$ 3534.965,100
2414,10:15:42,$ 3535.50,100
2415,10:15:41,$ 3535.47,100
2416,10:15:41,$ 3535.08,100
2417,10:15:41,$ 3535.08,100
2418,10:15:41,$ 3535.265,100
2419,10:15:41,$ 3535.04,100
2420,10:15:41,$ 3535.08,100
2421,10:15:40,$ 3535.375,100
2422,10:15:40,$ 3534.90,100
2423,10:15:40,$ 3535.10,100
2424,10:15:40,$ 3535.07,200
2425,10:15:35,$ 3535.24,100
2427,10:15:31,$ 3535.565,111
2428,10:15:31,$ 3535.69,200
2429,10:15:31,$ 3535.69,200
2430,10:15:30,$ 3535.195,100
2431,10:15:30,$ 3535.195,100
2432,10:15:30,$ 3535.195,100
2433,10:15:30,$ 3535.195,100
2434,10:15:29,$ 3535.45,100
2435,10:15:29,$ 3535.935,100
2436,10:15:26,$ 3535.2462,500
2437,10:15:25,$ 3535.165,100
2438,10:15:14,$ 3535.2414,100
2439,10:15:11,$ 3535.85,100
2440,10:15:11,$ 3535.35,100
2441,10:15:09,$ 3535.31,100
2442,10:14:53,$ 3533.88,100
2443,10:14:53,$ 3533.975,100
2444,10:14:51,$ 3534.40,100
2445,10:14:51,$ 3533.795,100
2446,10:14:50,$ 3533.8187,100
2448,10:14:47,$ 3533.40,200
2449,10:14:44,$ 3534.2908,100
2450,10:14:42,$ 3534.18,500
2451,10:14:35,$ 3534.4454,100
2452,10:14:33,$ 3534.93,100
2453,10:14:33,$ 3534.89,172
2454,10:14:13,$ 3535.4481,183
2455,10:14:03,$ 3535.2299,100
2456,10:13:59,$ 3534.80,100
2457,10:13:59,$ 3534.75,100
2458,10:13:55,$ 3534.0001,100
2459,10:13:51,$ 3534.28,100
2460,10:13:49,$ 3534.27,100
2461,10:13:45,$ 3534.8447,100
2462,10:13:39,$ 3536.24,100
2463,10:13:34,$ 3536.48,100
2464,10:13:13,$ 3537.6446,100
2465,10:13:02,$ 3536.24,100
2466,10:13:02,$ 3537.00,163
2467,10:13:02,$ 3537.00,118
2469,10:12:53,$ 3537.595,172
2470,10:12:49,$ 3537.215,100
2471,10:12:47,$ 3537.4745,665
2472,10:12:46,$ 3537.29,100
2473,10:12:46,$ 3537.55,100
2474,10:12:46,$ 3537.55,100
2475,10:12:46,$ 3537.86,100
2476,10:12:17,$ 3538.8778,200
2477,10:12:04,$ 3538.55,100
2478,10:11:59,$ 3537.5701,100
2479,10:11:54,$ 3538.625,100
2480,10:11:49,$ 3538.725,100
2481,10:11:39,$ 3538.75,450
2482,10:11:24,$ 3540.4799,200
2483,10:11:16,$ 3540.265,100
2484,10:10:57,$ 3540.44,100
2485,10:10:57,$ 3540.01,100
2486,10:10:48,$ 3539.2499,260
2487,10:10:47,$ 3538.1356,238
2488,10:10:40,$ 3539.19,100
2490,10:10:37,$ 3539.26,124
2491,10:10:13,$ 3538.20,100
2492,10:10:12,$ 3538.52,100
2493,10:10:11,$ 3539.12,100
2494,10:09:46,$ 3539.90,100
2495,10:09:36,$ 3540.555,200
2496,10:09:36,$ 3540.505,100
2497,10:09:29,$ 3540.2198,100
2498,10:09:27,$ 3540.3833,100
2499,10:09:22,$ 3540.91,100
2500,10:09:04,$ 3542.42,100
2501,10:08:58,$ 3542.53,100
2502,10:08:54,$ 3542.10,491
2503,10:08:39,$ 3542.5688,113
2504,10:08:31,$ 3541.1801,100
2505,10:08:30,$ 3541.9495,550
2506,10:07:46,$ 3544.375,100
2507,10:07:14,$ 3541.17,100
2508,10:07:14,$ 3541.18,100
2509,10:07:11,$ 3541.4735,100
2511,10:07:10,$ 3540.95,100
2512,10:07:04,$ 3541.54,100
2513,10:07:02,$ 3541.785,100
2514,10:07:02,$ 3541.58,100
2515,10:07:02,$ 3540.94,100
2516,10:07:02,$ 3539.80,100
2517,10:07:02,$ 3540.02,200
2518,10:07:02,$ 3540.00,100
2519,10:07:02,$ 3540.09,100
2520,10:07:01,$ 3540.94,100
2521,10:07:01,$ 3540.075,100
2522,10:07:01,$ 3540.60,100
2523,10:06:57,$ 3539.3801,100
2524,10:06:50,$ 3540.23,100
2525,10:06:48,$ 3540.65,100
2526,10:06:48,$ 3540.0384,500
2527,10:06:46,$ 3540.54,100
2528,10:06:45,$ 3540.255,100
2529,10:06:37,$ 3540.00,367
2530,10:06:29,$ 3539.87,100
2532,10:06:29,$ 3540.06,100
2533,10:06:18,$ 3539.15,336
2534,10:06:18,$ 3539.16,100
2535,10:06:04,$ 3538.35,100
2536,10:06:00,$ 3537.95,100
2537,10:05:53,$ 3538.498,100
2538,10:05:53,$ 3538.70,100
2539,10:05:53,$ 3538.45,100
2540,10:05:53,$ 3538.4307,100
2541,10:05:53,$ 3538.43,100
2542,10:05:53,$ 3538.57,172
2543,10:05:43,$ 3539.10,100
2544,10:05:43,$ 3540.23,100
2545,10:05:43,$ 3540.23,100
2546,10:05:35,$ 3541.0765,110
2547,10:05:30,$ 3540.66,100
2548,10:05:30,$ 3541.00,671
2549,10:05:24,$ 3542.265,100
2550,10:05:24,$ 3542.285,100
2551,10:05:05,$ 3542.6201,100
2553,10:05:02,$ 3543.00,100
2554,10:05:01,$ 3543.075,100
2555,10:04:44,$ 3543.29,100
2556,10:04:09,$ 3543.48,100
2557,10:04:06,$ 3543.915,100
2558,10:03:31,$ 3543.45,100
2559,10:03:28,$ 3544.23,120
2560,10:03:28,$ 3543.125,100
2561,10:03:28,$ 3542.12,100
2562,10:03:28,$ 3544.04,100
2563,10:03:28,$ 3543.47,100
2564,10:03:28,$ 3544.23,200
2565,10:03:27,$ 3542.94,100
2566,10:03:27,$ 3542.99,100
2567,10:03:25,$ 3542.585,100
2568,10:03:25,$ 3542.62,100
2569,10:03:24,$ 3543.28,100
2570,10:03:20,$ 3543.83,109
2571,10:03:20,$ 3544.19,200
2572,10:02:46,$ 3545.8599,100
2574,10:02:46,$ 3545.8599,200
2575,10:02:42,$ 3546.26,100
2576,10:02:41,$ 3546.0701,100
2577,10:02:38,$ 3546.105,100
2578,10:02:34,$ 3546.255,100
2579,10:02:34,$ 3546.705,100
2580,10:02:34,$ 3546.79,100
2581,10:02:34,$ 3546.715,300
2582,10:02:34,$ 3546.715,100
2583,10:02:31,$ 3547.39,200
2584,10:02:30,$ 3546.5096,100
2585,10:02:10,$ 3546.51,100
2586,10:02:04,$ 3544.56,100
2587,10:01:55,$ 3544.70,100
2588,10:01:39,$ 3542.84,100
2589,10:01:22,$ 3542.87,100
2590,10:01:20,$ 3543.16,100
2591,10:01:16,$ 3543.87,100
2592,10:01:04,$ 3542.94,100
2593,10:01:04,$ 3542.93,100
2595,10:01:00,$ 3543.46,100
2596,10:00:40,$ 3543.59,100
2597,10:00:36,$ 3544.03,100
2598,10:00:33,$ 3544.56,100
2599,10:00:31,$ 3543.6454,250
2600,10:00:24,$ 3543.83,100
2601,10:00:13,$ 3544.00,100
2602,10:00:11,$ 3544.56,100
2603,10:00:08,$ 3543.5729,400
2604,10:00:05,$ 3544.245,100
2606,10:29:55,$ 3533.70,100
2607,10:29:44,$ 3533.63,100
2608,10:29:44,$ 3532.80,100
2609,10:29:19,$ 3532.60,460
2610,10:29:14,$ 3531.7826,100
2611,10:29:03,$ 3531.64,500
2612,10:29:01,$ 3532.29,100
2613,10:28:59,$ 3532.14,100
2614,10:28:49,$ 3532.03,100
2615,10:28:49,$ 3532.03,300
2616,10:28:38,$ 3531.93,200
2617,10:28:38,$ 3531.66,100
2618,10:28:38,$ 3530.925,100
2619,10:28:37,$ 3530.94,100
2620,10:28:37,$ 3530.96,100
2621,10:28:37,$ 3530.96,100
2622,10:28:37,$ 3530.96,100
2623,10:28:37,$ 3530.93,100
2624,10:28:23,$ 3530.115,100
2625,10:28:16,$ 3530.715,300
2627,10:58:08,$ 3529.175,100
2628,10:58:08,$ 3529.175,100
2629,10:58:08,$ 3529.1275,100
2630,10:58:07,$ 3529.175,100
2631,10:58:07,$ 3529.175,100
2632,10:58:07,$ 3529.175,100
2633,10:58:07,$ 3529.025,100
2634,10:58:07,$ 3529.025,100
2635,10:57:58,$ 3529.18,100
2636,10:57:58,$ 3529.18,300
2637,10:57:56,$ 3528.705,100
2638,10:57:56,$ 3528.705,100
2639,10:57:55,$ 3528.70,100
2640,10:57:55,$ 3528.70,100
2641,10:57:46,$ 3528.245,200
2642,10:57:41,$ 3528.945,400
2643,10:57:40,$ 3528.72,100
2644,10:57:38,$ 3529.15,100
2645,10:57:35,$ 3529.345,100
2646,10:57:35,$ 3529.345,100
2648,10:57:35,$ 3529.345,100
2649,10:57:35,$ 3529.345,100
2650,10:57:35,$ 3529.345,100
2651,10:57:35,$ 3529.345,100
2652,10:57:35,$ 3529.345,360
2653,10:57:35,$ 3528.71,100
2654,10:57:35,$ 3528.72,100
2655,10:57:35,$ 3528.72,100
2656,10:57:35,$ 3528.45,100
2657,10:57:35,$ 3528.42,100
2658,10:57:35,$ 3528.46,100
2659,10:57:35,$ 3528.72,284
2660,10:57:32,$ 3529.12,100
2661,10:57:31,$ 3529.51,100
2662,10:57:31,$ 3529.595,100
2663,10:57:24,$ 3529.775,400
2664,10:57:24,$ 3529.775,100
2665,10:57:24,$ 3529.775,400
2666,10:57:24,$ 3529.775,900
2667,10:57:24,$ 3529.775,400
2669,10:57:02,$ 3529.88,100
2670,10:56:52,$ 3530.00,100
2671,10:56:52,$ 3529.94,100
2672,10:56:52,$ 3529.83,100
2673,10:56:40,$ 3530.15,100
2674,10:56:33,$ 3529.90,100
2675,10:56:30,$ 3530.00,179
2676,10:56:28,$ 3530.00,200
2677,10:56:27,$ 3529.96,100
2678,10:56:27,$ 3530.00,100
2679,10:56:27,$ 3529.99,100
2680,10:56:27,$ 3530.50,100
2681,10:56:26,$ 3530.68,100
2682,10:56:16,$ 3531.25,100
2683,10:56:15,$ 3530.53,100
2684,10:55:57,$ 3530.53,100
2685,10:55:39,$ 3531.24,100
2686,10:55:26,$ 3531.55,100
2687,10:55:13,$ 3531.67,100
2688,10:54:57,$ 3532.00,100
2690,10:54:38,$ 3532.035,100
2691,10:54:10,$ 3532.11,100
2692,10:54:10,$ 3532.23,140
2693,10:53:09,$ 3531.215,100
2694,10:52:47,$ 3530.853,500
2695,10:52:34,$ 3531.61,100
2696,10:52:23,$ 3531.81,100
2697,10:52:04,$ 3530.6253,500
2698,10:51:18,$ 3531.251,181
2699,10:51:18,$ 3531.278,100
2700,10:51:06,$ 3532.00,200
2701,10:50:35,$ 3530.88,100
2702,10:50:35,$ 3530.87,100
2703,10:50:30,$ 3531.115,100
2704,10:50:23,$ 3530.5527,570
2705,10:50:15,$ 3530.1268,100
2706,10:50:04,$ 3530.95,100
2707,10:50:03,$ 3531.00,100
2708,10:50:00,$ 3531.6764,400
2709,10:49:45,$ 3531.74,100
2711,10:49:43,$ 3532.805,100
2712,10:49:42,$ 3532.21,100
2713,10:49:42,$ 3532.24,100
2714,10:49:42,$ 3532.24,100
2715,10:49:04,$ 3530.66,100
2716,10:49:04,$ 3531.52,100
2717,10:49:00,$ 3531.18,100
2718,10:48:33,$ 3531.35,100
2719,10:48:01,$ 3530.10,100
2720,10:47:58,$ 3530.73,100
2721,10:47:58,$ 3530.76,100
2722,10:47:53,$ 3529.69,150
2723,10:47:53,$ 3529.72,100
2724,10:47:10,$ 3530.01,100
2725,10:47:10,$ 3530.01,100
2726,10:47:10,$ 3530.05,100
2727,10:46:59,$ 3530.0001,200
2728,10:46:54,$ 3530.905,100
2729,10:46:51,$ 3530.61,100
2730,10:46:51,$ 3530.92,100
2732,10:46:38,$ 3531.08,200
2733,10:46:01,$ 3532.81,100
2734,10:46:01,$ 3532.90,100
2735,10:45:57,$ 3532.2371,400
2736,10:45:54,$ 3532.2371,400
2737,10:45:47,$ 3532.10,100
2738,10:45:38,$ 3531.68,100
2739,10:45:38,$ 3531.70,100
2740,10:45:38,$ 3531.44,100
2741,10:45:35,$ 3531.45,367
2742,10:45:29,$ 3531.415,100
2743,10:45:14,$ 3530.6657,135
2744,10:45:11,$ 3530.035,100
2745,10:45:08,$ 3529.79,100
2746,10:45:03,$ 3528.78,100
2747,10:45:02,$ 3528.05,110
2748,10:45:02,$ 3528.27,100
2749,10:44:36,$ 3528.51,100
2750,10:44:21,$ 3528.55,100
2751,10:44:18,$ 3529.06,100
2753,10:44:13,$ 3529.28,100
2754,10:44:11,$ 3529.76,100
2755,10:44:02,$ 3529.40,100
2756,10:44:02,$ 3529.51,100
2757,10:43:37,$ 3529.01,100
2758,10:43:37,$ 3529.07,100
2759,10:43:25,$ 3528.51,100
2760,10:43:15,$ 3528.434,100
2761,10:42:47,$ 3528.00,100
2762,10:42:47,$ 3528.00,177
2763,10:42:47,$ 3528.28,100
2764,10:42:44,$ 3528.00,331
2765,10:42:36,$ 3528.685,500
2766,10:42:32,$ 3527.52,100
2767,10:42:17,$ 3527.5801,100
2768,10:41:46,$ 3527.10,100
2769,10:41:46,$ 3527.075,100
2770,10:41:46,$ 3527.10,100
2771,10:41:43,$ 3527.27,100
2772,10:41:43,$ 3527.05,100
2774,10:41:43,$ 3527.25,100
2775,10:41:43,$ 3527.22,200
2776,10:41:42,$ 3527.575,100
2777,10:41:25,$ 3527.99,260
2778,10:41:07,$ 3527.28,100
2779,10:41:04,$ 3526.76,100
2780,10:41:03,$ 3527.9675,400
2781,10:40:59,$ 3527.82,100
2782,10:40:59,$ 3528.5325,400
2783,10:40:52,$ 3528.48,100
2784,10:40:45,$ 3529.89,100
2785,10:40:44,$ 3529.6254,500
2786,10:40:43,$ 3529.125,100
2787,10:40:27,$ 3529.03,100
2788,10:40:27,$ 3529.03,100
2789,10:40:27,$ 3529.03,100
2790,10:40:26,$ 3529.605,100
2791,10:40:22,$ 3529.82,100
2792,10:40:22,$ 3529.8204,100
2793,10:40:20,$ 3530.295,100
2795,10:40:16,$ 3530.13,100
2796,10:40:15,$ 3530.92,200
2797,10:40:15,$ 3530.61,100
2798,10:40:07,$ 3529.885,100
2799,10:40:04,$ 3530.1023,140
2800,10:39:58,$ 3530.84,100
2801,10:39:55,$ 3530.91,100
2802,10:39:54,$ 3531.06,200
2803,10:39:49,$ 3531.01,100
2804,10:39:49,$ 3532.10,100
2805,10:39:48,$ 3531.5617,190
2806,10:39:48,$ 3531.5617,110
2807,10:39:43,$ 3531.15,100
2808,10:39:40,$ 3530.578,400
2809,10:39:32,$ 3530.455,100
2810,10:39:17,$ 3530.2571,100
2811,10:39:12,$ 3529.495,100
2812,10:39:12,$ 3530.00,100
2813,10:39:06,$ 3529.03,100
2814,10:39:06,$ 3529.00,100
2816,10:38:57,$ 3528.815,100
2817,10:38:56,$ 3528.9181,200
2818,10:38:51,$ 3528.53,300
2819,10:38:48,$ 3529.25,100
2820,10:38:48,$ 3528.97,100
2821,10:38:48,$ 3529.00,100
2822,10:38:48,$ 3528.91,100
2823,10:38:48,$ 3528.96,100
2824,10:38:41,$ 3527.99,100
2825,10:38:39,$ 3527.0267,100
2826,10:38:36,$ 3527.49,100
2827,10:38:26,$ 3527.74,100
2828,10:38:18,$ 3528.28,300
2829,10:38:05,$ 3527.29,100
2830,10:38:04,$ 3527.1401,300
2831,10:38:01,$ 3527.34,100
2832,10:38:00,$ 3527.36,100
2833,10:37:58,$ 3527.36,116
2834,10:37:51,$ 3526.87,100
2835,10:37:51,$ 3527.3344,200
2837,10:37:48,$ 3527.09,300
2838,10:37:35,$ 3527.37,100
2839,10:37:33,$ 3527.1799,500
2840,10:37:18,$ 3525.62,105
2841,10:37:18,$ 3525.5905,283
2842,10:37:06,$ 3525.46,100
2843,10:37:05,$ 3526.005,100
2844,10:37:05,$ 3525.81,100
2845,10:37:05,$ 3525.79,100
2846,10:37:05,$ 3525.81,100
2847,10:37:03,$ 3525.8099,360
2848,10:37:02,$ 3525.365,100
2849,10:37:00,$ 3525.37,100
2850,10:36:56,$ 3525.37,100
2851,10:36:56,$ 3524.82,100
2852,10:36:55,$ 3524.585,100
2853,10:36:55,$ 3524.805,100
2854,10:36:53,$ 3525.37,100
2855,10:36:53,$ 3525.37,100
2856,10:36:53,$ 3525.1515,100
2858,10:36:53,$ 3525.37,100
2859,10:36:50,$ 3526.6599,300
2860,10:36:43,$ 3525.885,100
2861,10:36:39,$ 3526.13,100
2862,10:36:18,$ 3526.66,300
2863,10:36:15,$ 3527.115,150
2864,10:36:14,$ 3527.34,100
2865,10:36:06,$ 3527.35,100
2866,10:36:05,$ 3527.67,100
2867,10:36:02,$ 3528.26,100
2868,10:36:02,$ 3527.605,100
2869,10:36:00,$ 3527.97,100
2870,10:35:54,$ 3527.735,100
2871,10:35:52,$ 3527.20,100
2872,10:35:52,$ 3527.36,100
2873,10:35:50,$ 3528.1619,100
2874,10:35:50,$ 3527.63,100
2875,10:35:42,$ 3528.00,155
2876,10:35:33,$ 3529.00,100
2877,10:35:33,$ 3529.00,150
2879,10:35:31,$ 3529.06,500
2880,10:35:30,$ 3529.26,100
2881,10:35:26,$ 3529.67,400
2882,10:35:15,$ 3529.06,100
2883,10:35:14,$ 3529.75,100
2884,10:35:06,$ 3529.4401,100
2885,10:35:03,$ 3529.31,100
2886,10:35:01,$ 3530.25,100
2887,10:35:01,$ 3530.26,100
2888,10:34:53,$ 3531.03,100
2889,10:34:50,$ 3531.58,100
2890,10:34:50,$ 3531.36,100
2891,10:34:34,$ 3531.675,300
2892,10:34:14,$ 3531.93,100
2893,10:34:09,$ 3532.36,100
2894,10:33:36,$ 3532.3851,100
2895,10:33:33,$ 3532.61,100
2896,10:33:20,$ 3532.97,350
2897,10:33:04,$ 3533.12,326
2898,10:32:41,$ 3532.18,100
2900,10:32:41,$ 3532.18,182
2901,10:32:34,$ 3532.5726,100
2902,10:32:21,$ 3533.05,100
2903,10:32:21,$ 3533.13,100
2904,10:32:21,$ 3533.12,100
2905,10:32:21,$ 3533.13,100
2906,10:32:07,$ 3533.07,156
2907,10:32:04,$ 3533.20,315
2908,10:31:34,$ 3532.75,526
2909,10:31:34,$ 3532.80,100
2910,10:31:34,$ 3532.75,100
2911,10:31:32,$ 3532.7401,900
2912,10:31:23,$ 3534.85,100
2913,10:31:03,$ 3534.90,100
2914,10:30:54,$ 3535.85,100
2915,10:30:53,$ 3535.55,100
2916,10:30:52,$ 3536.04,200
2917,10:30:51,$ 3535.83,100
2918,10:30:51,$ 3535.83,300
2919,10:30:51,$ 3535.83,100
2921,10:30:51,$ 3536.19,100
2922,10:30:51,$ 3535.98,100
2923,10:30:49,$ 3536.28,200
2924,10:30:49,$ 3535.495,100
2925,10:30:49,$ 3535.53,100
2926,10:30:48,$ 3534.91,100
2927,10:30:48,$ 3535.26,100
2928,10:30:48,$ 3535.00,684
2929,10:30:48,$ 3535.00,100
2930,10:30:48,$ 3535.00,565
2931,10:30:48,$ 3535.00,100
2932,10:30:48,$ 3535.00,100
2933,10:30:48,$ 3535.00,100
2934,10:30:48,$ 3535.00,288
2935,10:30:48,$ 3535.00,200
2936,10:30:48,$ 3534.99,100
2937,10:30:41,$ 3534.245,100
2938,10:30:39,$ 3534.57,100
2939,10:30:39,$ 3534.15,100
2940,10:30:34,$ 3534.00,100
2942,10:30:11,$ 3533.805,350
2943,10:30:02,$ 3533.185,100
2945,11:29:59,$ 3517.51,100
2946,11:29:32,$ 3516.08,100
2947,11:29:29,$ 3515.68,100
2948,11:29:29,$ 3515.68,100
2949,11:29:29,$ 3515.72,100
2950,11:29:28,$ 3515.655,100
2951,11:29:25,$ 3515.52,100
2952,11:29:25,$ 3515.59,100
2953,11:29:21,$ 3515.89,100
2954,11:29:15,$ 3515.5401,100
2955,11:29:12,$ 3516.68,116
2956,11:29:04,$ 3516.295,100
2957,11:29:03,$ 3516.32,100
2958,11:29:03,$ 3516.48,100
2959,11:29:03,$ 3516.56,100
2960,11:29:02,$ 3516.68,100
2961,11:29:00,$ 3516.85,100
2962,11:29:00,$ 3517.70,100
2963,11:29:00,$ 3518.00,100
2964,11:29:00,$ 3518.00,100
2966,11:29:00,$ 3518.00,100
2967,11:28:55,$ 3519.09,100
2968,11:28:54,$ 3519.10,100
2969,11:28:54,$ 3519.10,100
2970,11:28:54,$ 3519.11,100
2971,11:28:50,$ 3518.82,200
2972,11:28:37,$ 3519.13,100
2973,11:28:31,$ 3519.75,100
2974,11:28:21,$ 3519.78,100
2975,11:28:21,$ 3519.78,195
2976,11:28:21,$ 3519.78,100
2977,11:28:09,$ 3520.715,100
2978,11:28:04,$ 3520.46,100
2979,11:28:04,$ 3520.45,100
2980,11:27:57,$ 3520.56,100
2981,11:27:44,$ 3520.685,100
2982,11:27:32,$ 3520.125,100
2983,11:27:26,$ 3519.78,100
2984,11:27:25,$ 3519.78,100
2985,11:27:25,$ 3519.78,100
2987,11:27:22,$ 3520.00,100
2988,11:27:10,$ 3519.19,201
2989,11:27:00,$ 3520.2411,400
2990,11:26:58,$ 3520.05,120
2991,11:26:58,$ 3520.06,100
2992,11:26:56,$ 3520.0571,107
2993,11:26:54,$ 3519.38,100
2994,11:26:53,$ 3519.71,100
2995,11:26:52,$ 3520.41,100
2996,11:26:50,$ 3520.9801,500
2997,11:26:47,$ 3520.4987,200
2998,11:26:45,$ 3520.635,400
2999,11:26:32,$ 3520.26,100
3000,11:26:22,$ 3521.815,100
3001,11:26:22,$ 3520.76,100
3002,11:26:01,$ 3520.635,100
3003,11:26:01,$ 3520.326,376
3004,11:26:01,$ 3520.26,100
3005,11:26:01,$ 3520.22,186
3006,11:26:00,$ 3520.07,100
3008,11:26:00,$ 3520.57,100
3009,11:26:00,$ 3520.52,200
3010,11:26:00,$ 3520.14,100
3011,11:25:59,$ 3521.20,200
3012,11:25:59,$ 3521.06,100
3013,11:25:59,$ 3521.06,100
3014,11:25:59,$ 3521.18,100
3015,11:25:59,$ 3521.05,100
3016,11:25:59,$ 3521.02,100
3017,11:25:59,$ 3520.98,100
3018,11:25:59,$ 3520.97,100
3019,11:25:59,$ 3520.97,100
3020,11:25:59,$ 3521.27,200
3021,11:25:59,$ 3521.37,100
3022,11:25:59,$ 3521.925,100
3023,11:25:59,$ 3521.03,100
3024,11:25:55,$ 3521.825,100
3025,11:25:45,$ 3522.425,100
3026,11:25:42,$ 3522.75,100
3027,11:25:42,$ 3522.135,100
3029,11:25:41,$ 3521.66,500
3030,11:25:37,$ 3521.37,100
3031,11:25:36,$ 3521.36,100
3032,11:25:36,$ 3521.37,300
3033,11:25:36,$ 3521.38,100
3034,11:25:30,$ 3521.42,100
3035,11:25:29,$ 3521.6205,400
3036,11:25:22,$ 3520.4399,100
3037,11:25:20,$ 3520.9327,100
3038,11:25:17,$ 3520.76,100
3039,11:25:14,$ 3520.36,100
3040,11:25:13,$ 3520.04,100
3041,11:25:11,$ 3519.875,100
3042,11:25:11,$ 3519.87,100
3043,11:25:08,$ 3518.805,100
3044,11:24:59,$ 3520.00,100
3045,11:24:59,$ 3520.00,100
3046,11:24:50,$ 3521.19,100
3047,11:24:47,$ 3521.0886,100
3048,11:24:47,$ 3521.035,100
3050,11:24:34,$ 3521.16,100
3051,11:24:32,$ 3521.11,100
3052,11:24:32,$ 3521.00,100
3053,11:24:32,$ 3521.01,100
3054,11:24:28,$ 3521.87,100
3055,11:24:28,$ 3522.31,100
3056,11:24:28,$ 3522.33,100
3057,11:24:28,$ 3522.32,100
3058,11:24:23,$ 3522.00,100
3059,11:24:23,$ 3522.0001,100
3060,11:24:23,$ 3522.0004,100
3061,11:24:21,$ 3522.00,100
3062,11:24:21,$ 3522.00,100
3063,11:24:18,$ 3522.08,100
3064,11:24:18,$ 3522.08,100
3065,11:24:18,$ 3522.09,150
3066,11:24:18,$ 3522.19,100
3067,11:24:17,$ 3522.56,104
3068,11:24:17,$ 3522.30,100
3069,11:24:17,$ 3522.0801,100
3071,11:24:16,$ 3522.0099,100
3072,11:24:15,$ 3522.48,100
3073,11:24:15,$ 3522.49,100
3074,11:24:12,$ 3522.00,100
3075,11:24:12,$ 3522.118,165
3076,11:24:12,$ 3522.72,100
3077,11:24:12,$ 3523.46,113
3078,11:24:11,$ 3523.49,100
3079,11:24:08,$ 3523.5584,200
3080,11:23:52,$ 3525.6069,100
3081,11:23:44,$ 3525.9399,100
3082,11:23:44,$ 3525.00,100
3083,11:23:44,$ 3525.00,100
3084,11:23:44,$ 3525.00,100
3085,11:23:44,$ 3525.00,200
3086,11:23:39,$ 3525.845,100
3087,11:23:37,$ 3525.6212,200
3088,11:23:30,$ 3526.5309,100
3089,11:23:28,$ 3527.1625,100
3090,11:23:28,$ 3527.165,100
3092,11:23:18,$ 3528.035,100
3093,11:23:18,$ 3527.695,100
3094,11:23:18,$ 3528.00,100
3095,11:23:18,$ 3528.03,100
3096,11:23:18,$ 3528.06,100
3097,11:23:11,$ 3528.555,100
3098,11:23:11,$ 3529.00,100
3099,11:23:00,$ 3528.02,100
3100,11:22:50,$ 3529.39,100
3101,11:22:40,$ 3529.2501,100
3102,11:22:39,$ 3530.00,100
3103,11:22:39,$ 3529.675,156
3104,11:22:32,$ 3528.64,100
3105,11:22:32,$ 3528.38,100
3106,11:22:27,$ 3529.01,100
3107,11:22:18,$ 3528.355,100
3108,11:22:15,$ 3528.36,100
3109,11:22:12,$ 3528.785,100
3110,11:22:00,$ 3528.875,100
3111,11:21:50,$ 3529.585,100
3113,11:21:40,$ 3530.00,100
3114,11:20:30,$ 3530.13,100
3115,11:20:24,$ 3530.105,100
3116,11:20:24,$ 3530.10,100
3117,11:20:16,$ 3530.05,100
3118,11:20:16,$ 3530.12,100
3119,11:18:37,$ 3529.93,100
3120,11:18:36,$ 3529.7775,100
3121,11:18:27,$ 3529.935,100
3122,11:18:25,$ 3530.355,100
3123,11:18:12,$ 3530.47,100
3124,11:18:12,$ 3530.79,100
3125,11:17:19,$ 3530.84,100
3126,11:17:17,$ 3530.48,100
3127,11:17:17,$ 3530.49,100
3128,11:17:13,$ 3530.095,100
3129,11:17:11,$ 3530.0883,150
3130,11:17:11,$ 3530.00,100
3131,11:17:00,$ 3528.84,100
3132,11:17:00,$ 3528.57,100
3134,11:16:59,$ 3528.84,200
3135,11:16:47,$ 3530.94,100
3136,11:16:47,$ 3530.89,100
3137,11:16:47,$ 3530.89,100
3138,11:16:47,$ 3530.19,100
3139,11:16:47,$ 3530.19,100
3140,11:16:47,$ 3529.79,100
3141,11:16:47,$ 3529.63,100
3142,11:16:44,$ 3529.655,100
3143,11:16:30,$ 3529.785,100
3144,11:16:21,$ 3529.78,100
3145,11:16:10,$ 3528.70,200
3146,11:16:07,$ 3528.85,100
3147,11:15:26,$ 3528.0601,100
3148,11:15:18,$ 3529.195,100
3149,11:15:06,$ 3529.52,100
3150,11:14:52,$ 3529.5288,221
3151,11:14:49,$ 3528.25,200
3152,11:14:10,$ 3529.7647,150
3153,11:13:57,$ 3529.875,100
3155,11:13:39,$ 3530.5399,100
3156,11:12:19,$ 3528.8952,125
3157,11:12:07,$ 3528.2054,115
3158,11:11:53,$ 3528.625,100
3159,11:11:43,$ 3527.95,100
3160,11:11:41,$ 3528.1069,100
3161,11:11:12,$ 3528.85,100
3162,11:11:12,$ 3528.85,100
3163,11:11:12,$ 3528.85,100
3164,11:11:12,$ 3528.85,100
3165,11:11:12,$ 3528.85,100
3166,11:11:11,$ 3528.425,400
3167,11:11:06,$ 3528.53,119
3168,11:10:18,$ 3530.23,150
3169,11:09:19,$ 3530.04,100
3170,11:09:12,$ 3530.715,300
3171,11:07:54,$ 3529.61,100
3172,11:07:04,$ 3530.8477,132
3173,11:06:45,$ 3529.67,118
3174,11:06:18,$ 3529.0863,100
3176,11:06:15,$ 3528.4502,100
3177,11:06:15,$ 3528.45,100
3178,11:06:15,$ 3528.49,100
3179,11:06:02,$ 3529.893,100
3180,11:05:33,$ 3528.21,100
3181,11:05:18,$ 3529.05,286
3182,11:05:11,$ 3528.505,100
3183,11:05:11,$ 3528.02,100
3184,11:05:01,$ 3527.51,100
3185,11:05:01,$ 3527.00,100
3186,11:05:01,$ 3527.00,100
3187,11:05:01,$ 3527.00,185
3188,11:05:01,$ 3527.00,228
3189,11:04:26,$ 3527.775,700
3190,11:04:26,$ 3527.775,400
3191,11:04:26,$ 3528.12,100
3192,11:04:26,$ 3527.835,100
3193,11:04:26,$ 3528.00,100
3194,11:04:21,$ 3528.735,100
3195,11:04:18,$ 3528.54,100
3197,11:04:18,$ 3528.53,100
3198,11:04:18,$ 3528.535,100
3199,11:04:18,$ 3528.53,100
3200,11:04:12,$ 3527.495,200
3201,11:03:53,$ 3528.135,200
3202,11:03:53,$ 3528.135,100
3203,11:03:48,$ 3527.72,200
3204,11:03:37,$ 3528.00,100
3205,11:03:33,$ 3527.73,100
3206,11:03:25,$ 3527.61,100
3207,11:03:25,$ 3527.50,200
3208,11:02:54,$ 3528.14,100
3209,11:02:26,$ 3528.92,100
3210,11:02:26,$ 3528.02,200
3211,11:02:24,$ 3528.2176,100
3212,11:02:10,$ 3528.93,100
3213,11:02:10,$ 3528.77,100
3214,11:02:06,$ 3528.50,600
3215,11:01:56,$ 3528.985,100
3216,11:01:46,$ 3529.19,100
3218,11:01:41,$ 3529.72,300
3219,11:01:41,$ 3529.99,300
3220,11:01:41,$ 3529.99,300
3221,11:01:39,$ 3529.81,100
3222,11:01:39,$ 3529.80,100
3223,11:01:39,$ 3529.84,100
3224,11:01:39,$ 3530.00,100
3225,11:01:39,$ 3530.00,171
3226,11:01:00,$ 3529.8044,234
3227,11:01:00,$ 3529.8044,693
3228,11:00:39,$ 3528.995,200
3229,11:00:39,$ 3529.61,100
3230,11:00:39,$ 3528.83,100
3231,11:00:39,$ 3528.8296,200
3232,11:00:37,$ 3528.62,100
3233,11:00:37,$ 3528.475,100
3234,11:00:37,$ 3528.475,100
3235,11:00:37,$ 3528.475,100
3236,11:00:37,$ 3528.15,100
3237,11:00:33,$ 3528.00,100
3239,11:00:31,$ 3528.00,100
3240,11:00:25,$ 3527.495,"1,000"
3241,11:00:14,$ 3527.22,100
3242,11:00:14,$ 3527.22,100
3243,11:00:14,$ 3527.22,100
3244,11:00:14,$ 3527.2525,100
3245,11:00:14,$ 3527.00,250
3246,11:00:10,$ 3527.95,100
3247,11:00:10,$ 3528.21,100
3248,11:00:03,$ 3527.80,100
3250,11:59:55,$ 3512.9854,162
3251,11:59:48,$ 3512.92,100
3252,11:59:40,$ 3512.3301,225
3253,11:59:39,$ 3512.4452,100
3254,11:59:39,$ 3512.64,100
3255,11:59:37,$ 3511.91,500
3256,11:59:18,$ 3512.117,500
3257,11:58:48,$ 3512.945,100
3258,11:58:47,$ 3512.2901,500
3259,11:58:31,$ 3513.41,100
3260,11:58:30,$ 3513.35,475
3261,11:58:27,$ 3513.205,200
3262,11:58:26,$ 3513.415,500
3263,11:57:50,$ 3513.38,100
3264,11:57:29,$ 3513.42,100
3265,11:57:29,$ 3513.42,100
3266,11:57:25,$ 3513.115,100
3267,11:57:25,$ 3513.16,100
3268,11:57:25,$ 3513.025,100
3269,11:57:25,$ 3513.09,100
3271,11:57:25,$ 3512.775,100
3272,11:57:23,$ 3511.76,200
3273,11:57:21,$ 3512.8463,331
3274,11:57:21,$ 3512.8011,169
3275,11:56:49,$ 3510.14,100
3276,11:56:47,$ 3510.49,500
3277,11:56:34,$ 3509.2901,100
3278,11:56:23,$ 3511.12,100
3279,11:56:09,$ 3510.1001,200
3280,11:56:09,$ 3511.105,100
3281,11:56:03,$ 3511.7563,500
3282,11:56:00,$ 3512.5355,250
3283,11:56:00,$ 3512.34,100
3284,11:55:57,$ 3512.8765,100
3285,11:55:43,$ 3511.7429,140
3286,11:55:23,$ 3511.19,100
3287,11:55:23,$ 3511.24,100
3288,11:55:23,$ 3511.24,100
3289,11:55:03,$ 3509.46,100
3290,11:55:03,$ 3509.41,100
3292,11:54:59,$ 3509.27,100
3293,11:54:54,$ 3508.80,100
3294,11:54:44,$ 3508.68,111
3295,11:54:44,$ 3508.88,100
3296,11:54:43,$ 3508.475,100
3297,11:54:40,$ 3508.67,100
3298,11:54:28,$ 3508.20,500
3299,11:54:18,$ 3509.71,100
3300,11:54:17,$ 3509.07,100
3301,11:54:16,$ 3509.1544,300
3302,11:54:16,$ 3509.20,100
3303,11:53:59,$ 3508.53,100
3304,11:53:59,$ 3508.45,458
3305,11:53:59,$ 3508.525,100
3306,11:53:56,$ 3508.10,100
3307,11:53:54,$ 3508.0358,143
3308,11:53:51,$ 3508.4319,200
3309,11:53:46,$ 3508.04,100
3310,11:53:46,$ 3508.04,100
3311,11:53:46,$ 3508.04,100
3313,11:53:44,$ 3507.73,100
3314,11:53:44,$ 3508.04,100
3315,11:53:43,$ 3508.04,100
3316,11:53:43,$ 3508.03,100
3317,11:53:43,$ 3508.04,100
3318,11:53:43,$ 3508.04,100
3319,11:53:42,$ 3508.00,120
3320,11:53:38,$ 3507.8141,200
3321,11:53:30,$ 3508.00,100
3322,11:53:22,$ 3508.30,100
3323,11:53:07,$ 3509.8058,500
3324,11:52:50,$ 3509.51,100
3325,11:52:50,$ 3510.00,100
3326,11:52:43,$ 3509.51,100
3327,11:52:42,$ 3509.29,100
3328,11:52:42,$ 3509.21,100
3329,11:52:42,$ 3509.3899,100
3330,11:52:40,$ 3509.284,400
3331,11:52:33,$ 3508.49,100
3332,11:52:31,$ 3508.97,100
3334,11:52:18,$ 3508.9901,100
3335,11:52:18,$ 3509.376,100
3336,11:52:17,$ 3509.67,100
3337,11:52:17,$ 3510.19,100
3338,11:52:17,$ 3510.094,100
3339,11:52:17,$ 3510.00,200
3340,11:52:16,$ 3510.00,209
3341,11:52:00,$ 3510.19,100
3342,11:51:43,$ 3510.855,100
3343,11:51:41,$ 3510.95,100
3344,11:51:21,$ 3511.785,100
3345,11:51:16,$ 3511.73,100
3346,11:51:11,$ 3512.00,100
3347,11:51:11,$ 3512.01,500
3348,11:50:41,$ 3512.80,100
3349,11:50:37,$ 3512.67,100
3350,11:50:28,$ 3512.785,100
3351,11:50:22,$ 3513.285,500
3352,11:50:22,$ 3513.9999,100
3353,11:50:22,$ 3513.69,100
3355,11:50:20,$ 3513.43,100
3356,11:50:16,$ 3513.2654,100
3357,11:50:12,$ 3513.16,464
3358,11:50:03,$ 3512.535,500
3359,11:49:48,$ 3512.96,100
3360,11:49:37,$ 3513.6999,100
3361,11:49:25,$ 3513.70,200
3362,11:49:20,$ 3513.04,100
3363,11:49:15,$ 3513.475,100
3364,11:49:12,$ 3513.755,100
3365,11:48:54,$ 3514.25,100
3366,11:48:41,$ 3512.955,500
3367,11:48:28,$ 3512.645,100
3368,11:48:27,$ 3512.34,100
3369,11:48:17,$ 3512.16,100
3370,11:48:10,$ 3512.16,200
3371,11:48:10,$ 3512.47,100
3372,11:48:10,$ 3512.03,100
3373,11:48:10,$ 3512.024,100
3374,11:48:10,$ 3511.8901,137
3376,11:48:10,$ 3512.64,200
3377,11:48:10,$ 3512.23,100
3378,11:48:10,$ 3512.47,100
3379,11:48:10,$ 3512.38,100
3380,11:48:00,$ 3514.25,100
3381,11:48:00,$ 3514.25,100
3382,11:47:54,$ 3514.37,100
3383,11:47:42,$ 3514.175,200
3384,11:47:30,$ 3514.255,200
3385,11:47:28,$ 3514.38,100
3386,11:47:28,$ 3514.00,100
3387,11:47:25,$ 3514.555,100
3388,11:47:06,$ 3514.585,200
3389,11:46:50,$ 3514.83,100
3390,11:46:21,$ 3515.3699,200
3391,11:46:10,$ 3514.675,100
3392,11:46:00,$ 3515.24,100
3393,11:45:46,$ 3514.63,100
3394,11:45:44,$ 3513.66,100
3395,11:45:33,$ 3513.70,100
3397,11:45:12,$ 3513.195,200
3398,11:45:12,$ 3513.59,100
3399,11:45:05,$ 3513.575,100
3400,11:45:02,$ 3513.61,100
3401,11:44:56,$ 3513.90,100
3402,11:44:55,$ 3514.4423,100
3403,11:44:51,$ 3514.75,100
3404,11:44:44,$ 3513.29,100
3405,11:44:43,$ 3513.945,200
3406,11:44:43,$ 3514.01,100
3407,11:44:42,$ 3513.8003,119
3408,11:44:28,$ 3514.10,100
3409,11:44:24,$ 3514.155,100
3410,11:44:01,$ 3514.00,100
3411,11:44:01,$ 3514.00,209
3412,11:44:00,$ 3514.615,100
3413,11:43:57,$ 3514.55,100
3414,11:43:50,$ 3514.475,100
3415,11:43:48,$ 3514.225,100
3416,11:43:47,$ 3514.48,100
3418,11:43:32,$ 3515.11,100
3419,11:43:32,$ 3515.11,323
3420,11:43:08,$ 3516.30,100
3421,11:43:08,$ 3516.30,100
3422,11:42:38,$ 3516.61,100
3423,11:42:38,$ 3516.61,100
3424,11:42:38,$ 3516.96,100
3425,11:42:38,$ 3516.11,100
3426,11:42:38,$ 3516.09,100
3427,11:42:35,$ 3517.58,186
3428,11:42:28,$ 3517.925,100
3429,11:42:09,$ 3517.355,100
3430,11:42:08,$ 3517.52,100
3431,11:42:06,$ 3517.90,100
3432,11:41:58,$ 3517.075,100
3433,11:41:58,$ 3517.43,100
3434,11:41:58,$ 3517.79,100
3435,11:41:58,$ 3517.74,100
3436,11:41:42,$ 3517.7001,145
3437,11:41:34,$ 3518.05,100
3439,11:41:34,$ 3517.93,100
3440,11:41:34,$ 3517.93,100
3441,11:41:28,$ 3516.73,100
3442,11:41:28,$ 3516.73,100
3443,11:41:08,$ 3516.74,500
3444,11:41:01,$ 3517.65,350
3445,11:41:01,$ 3516.835,100
3446,11:41:01,$ 3516.845,104
3447,11:41:01,$ 3516.97,100
3448,11:41:00,$ 3517.68,100
3449,11:40:59,$ 3516.845,100
3450,11:40:55,$ 3516.86,500
3451,11:40:50,$ 3516.8931,500
3452,11:40:44,$ 3516.95,100
3453,11:40:43,$ 3516.60,200
3454,11:40:41,$ 3516.44,100
3455,11:40:41,$ 3516.02,100
3456,11:40:39,$ 3517.16,100
3457,11:40:31,$ 3516.655,100
3458,11:40:24,$ 3516.745,100
3460,11:40:20,$ 3517.0005,100
3461,11:40:20,$ 3517.01,100
3462,11:40:12,$ 3516.0801,100
3463,11:40:09,$ 3517.125,100
3464,11:40:06,$ 3517.255,100
3465,11:40:06,$ 3518.00,446
3466,11:39:38,$ 3518.50,100
3467,11:39:37,$ 3518.68,100
3468,11:39:20,$ 3518.50,100
3469,11:39:01,$ 3518.0101,500
3470,11:38:58,$ 3519.59,100
3471,11:38:58,$ 3518.805,100
3472,11:38:58,$ 3519.17,124
3473,11:38:58,$ 3519.18,100
3474,11:38:50,$ 3518.795,200
3475,11:38:49,$ 3518.588,100
3476,11:38:49,$ 3518.571,100
3477,11:38:47,$ 3518.885,100
3478,11:38:42,$ 3518.715,100
3479,11:38:39,$ 3518.27,100
3481,11:38:39,$ 3518.75,100
3482,11:38:36,$ 3519.00,100
3483,11:38:31,$ 3519.12,100
3484,11:38:08,$ 3519.58,100
3485,11:38:02,$ 3520.7201,100
3486,11:37:41,$ 3520.78,100
3487,11:37:40,$ 3520.955,200
3488,11:37:24,$ 3521.365,100
3489,11:37:21,$ 3520.11,100
3490,11:37:12,$ 3520.75,100
3491,11:37:06,$ 3519.56,100
3492,11:37:04,$ 3520.13,102
3493,11:37:04,$ 3520.1201,112
3494,11:37:04,$ 3520.1201,447
3495,11:36:59,$ 3520.85,125
3496,11:36:56,$ 3520.485,100
3497,11:36:46,$ 3520.24,100
3498,11:36:45,$ 3520.31,100
3499,11:36:24,$ 3521.425,100
3500,11:36:07,$ 3518.92,100
3502,11:36:04,$ 3519.27,114
3503,11:36:04,$ 3518.857,114
3504,11:36:04,$ 3519.27,100
3505,11:36:04,$ 3518.857,100
3506,11:36:04,$ 3518.857,100
3507,11:35:56,$ 3518.815,100
3508,11:35:45,$ 3518.97,100
3509,11:35:42,$ 3518.18,100
3510,11:35:40,$ 3518.31,100
3511,11:35:40,$ 3519.7678,150
3512,11:35:40,$ 3518.65,100
3513,11:35:39,$ 3518.65,300
3514,11:35:32,$ 3519.37,100
3515,11:35:26,$ 3519.59,297
3516,11:35:08,$ 3518.88,100
3517,11:35:08,$ 3518.455,100
3518,11:35:08,$ 3518.455,100
3519,11:35:08,$ 3519.50,100
3520,11:35:08,$ 3518.73,100
3521,11:35:08,$ 3518.75,100
3523,11:34:59,$ 3519.19,"1,000"
3524,11:34:57,$ 3518.2782,100
3525,11:34:57,$ 3518.235,100
3526,11:34:57,$ 3518.735,500
3527,11:34:53,$ 3519.44,100
3528,11:34:53,$ 3519.42,100
3529,11:34:45,$ 3520.01,100
3530,11:34:44,$ 3520.595,100
3531,11:34:40,$ 3519.95,100
3532,11:34:35,$ 3520.11,100
3533,11:34:23,$ 3521.03,100
3534,11:34:18,$ 3520.61,100
3535,11:34:18,$ 3519.99,100
3536,11:34:18,$ 3520.25,100
3537,11:34:18,$ 3520.27,100
3538,11:34:18,$ 3520.59,100
3539,11:34:14,$ 3519.91,100
3540,11:34:00,$ 3519.415,100
3541,11:33:56,$ 3520.409,139
3542,11:33:49,$ 3520.345,100
3544,11:33:49,$ 3520.345,300
3545,11:33:48,$ 3519.89,100
3546,11:33:46,$ 3519.28,100
3547,11:33:46,$ 3519.27,100
3548,11:33:44,$ 3518.26,100
3549,11:33:13,$ 3517.075,100
3550,11:33:08,$ 3517.76,100
3551,11:33:04,$ 3517.5261,400
3552,11:33:00,$ 3517.395,100
3553,11:33:00,$ 3517.3425,400
3554,11:32:49,$ 3517.38,100
3555,11:32:33,$ 3518.6599,230
3556,11:32:23,$ 3518.65,100
3557,11:32:14,$ 3516.68,100
3558,11:32:13,$ 3516.3254,100
3559,11:32:09,$ 3515.995,100
3560,11:32:08,$ 3514.72,100
3561,11:32:06,$ 3515.00,100
3562,11:32:06,$ 3515.00,100
3563,11:32:03,$ 3515.355,100
3565,11:31:57,$ 3515.46,100
3566,11:31:57,$ 3515.3425,100
3567,11:31:57,$ 3515.515,100
3568,11:31:57,$ 3515.10,100
3569,11:31:56,$ 3515.52,100
3570,11:31:45,$ 3516.09,100
3571,11:31:44,$ 3516.295,100
3572,11:31:32,$ 3516.4575,400
3573,11:31:30,$ 3516.81,100
3574,11:31:26,$ 3516.30,100
3575,11:31:25,$ 3516.15,100
3576,11:31:17,$ 3517.86,100
3577,11:31:03,$ 3517.98,100
3578,11:31:03,$ 3518.435,100
3580,12:29:37,$ 3513.33,100
3581,12:29:37,$ 3513.3399,100
3582,12:29:16,$ 3513.5442,100
3583,12:29:13,$ 3513.26,100
3584,12:28:55,$ 3513.90,100
3585,12:28:55,$ 3513.535,100
3586,12:28:46,$ 3513.5159,100
3587,12:28:33,$ 3513.36,100
3588,12:28:33,$ 3512.86,100
3589,12:28:14,$ 3512.50,100
3590,12:28:14,$ 3512.50,100
3591,12:28:14,$ 3512.49,100
3592,12:28:14,$ 3512.48,100
3593,12:28:14,$ 3512.50,100
3594,12:28:04,$ 3512.49,100
3595,12:27:32,$ 3512.3559,300
3596,12:27:01,$ 3513.2599,100
3597,12:26:59,$ 3512.77,100
3598,12:26:34,$ 3513.0153,200
3599,12:26:17,$ 3512.805,200
3601,12:26:17,$ 3512.54,100
3602,12:26:17,$ 3512.93,100
3603,12:25:46,$ 3513.43,458
3604,12:25:46,$ 3512.9626,144
3605,12:25:45,$ 3512.86,100
3606,12:25:45,$ 3512.89,100
3607,12:25:45,$ 3512.86,100
3608,12:25:45,$ 3512.86,100
3609,12:25:37,$ 3514.17,100
3610,12:25:37,$ 3514.03,191
3611,12:25:29,$ 3514.6689,100
3612,12:25:16,$ 3514.24,100
3613,12:24:32,$ 3514.82,200
3614,12:24:29,$ 3515.12,100
3615,12:23:51,$ 3514.8656,100
3616,12:23:35,$ 3515.99,100
3617,12:23:25,$ 3517.35,100
3618,12:23:20,$ 3516.915,100
3619,12:23:00,$ 3516.79,100
3620,12:22:52,$ 3516.3385,400
3622,12:22:37,$ 3516.56,100
3623,12:22:36,$ 3517.05,100
3624,12:22:24,$ 3517.42,100
3625,12:22:24,$ 3517.41,100
3626,12:22:02,$ 3517.52,100
3627,12:22:02,$ 3517.52,100
3628,12:21:53,$ 3517.91,100
3629,12:21:53,$ 3518.11,100
3630,12:21:53,$ 3518.11,100
3631,12:21:30,$ 3518.145,100
3632,12:21:30,$ 3518.165,100
3633,12:21:19,$ 3518.27,100
3634,12:21:03,$ 3518.27,100
3635,12:21:03,$ 3518.20,100
3636,12:21:03,$ 3517.795,100
3637,12:20:56,$ 3518.1102,100
3638,12:20:50,$ 3517.14,100
3639,12:20:47,$ 3517.82,100
3640,12:20:45,$ 3517.84,100
3641,12:20:45,$ 3517.49,100
3643,12:20:32,$ 3517.55,100
3644,12:20:32,$ 3517.53,100
3645,12:20:32,$ 3517.53,100
3646,12:20:32,$ 3517.53,100
3647,12:20:23,$ 3517.79,100
3648,12:20:01,$ 3516.47,100
3649,12:19:59,$ 3516.525,100
3650,12:19:55,$ 3516.8416,100
3651,12:19:49,$ 3516.29,100
3652,12:19:22,$ 3516.76,100
3653,12:19:20,$ 3516.50,100
3654,12:18:53,$ 3516.15,100
3655,12:18:48,$ 3515.5218,100
3656,12:18:43,$ 3516.00,100
3657,12:18:43,$ 3516.00,100
3658,12:18:24,$ 3516.99,100
3659,12:18:24,$ 3517.00,100
3660,12:18:09,$ 3516.96,106
3661,12:18:09,$ 3517.05,100
3662,12:18:07,$ 3517.045,100
3664,12:18:03,$ 3516.96,100
3665,12:17:33,$ 3517.43,100
3666,12:17:27,$ 3516.925,100
3667,12:17:25,$ 3517.00,100
3668,12:17:07,$ 3517.03,100
3669,12:17:05,$ 3516.51,100
3670,12:17:00,$ 3517.56,102
3671,12:16:58,$ 3517.81,122
3672,12:16:58,$ 3518.088,122
3673,12:16:58,$ 3518.0649,284
3674,12:16:56,$ 3517.75,100
3675,12:16:56,$ 3517.87,100
3676,12:16:55,$ 3518.065,100
3677,12:16:54,$ 3518.10,200
3678,12:16:36,$ 3517.8138,100
3679,12:16:35,$ 3517.4478,336
3680,12:16:35,$ 3517.4603,254
3681,12:16:33,$ 3517.5599,300
3682,12:16:17,$ 3516.66,"1,000"
3683,12:15:50,$ 3516.2666,500
3685,12:15:49,$ 3516.89,100
3686,12:15:15,$ 3517.01,100
3687,12:15:15,$ 3517.01,100
3688,12:15:10,$ 3516.915,100
3689,12:15:08,$ 3515.855,100
3690,12:15:07,$ 3516.96,100
3691,12:15:07,$ 3517.025,100
3692,12:15:07,$ 3517.05,100
3693,12:14:39,$ 3517.006,100
3694,12:14:36,$ 3516.561,232
3695,12:14:32,$ 3517.52,200
3696,12:14:27,$ 3518.085,100
3697,12:14:27,$ 3517.61,100
3698,12:14:24,$ 3517.766,100
3699,12:14:24,$ 3517.772,100
3700,12:14:24,$ 3517.77,100
3701,12:14:24,$ 3517.77,100
3702,12:14:22,$ 3517.63,100
3703,12:14:20,$ 3517.235,500
3704,12:14:11,$ 3516.52,100
3706,12:14:10,$ 3515.45,100
3707,12:14:10,$ 3515.62,100
3708,12:14:10,$ 3515.82,100
3709,12:14:10,$ 3515.89,100
3710,12:14:10,$ 3514.89,100
3711,12:14:06,$ 3514.88,100
3712,12:13:43,$ 3514.33,100
3713,12:13:37,$ 3514.6532,200
3714,12:13:37,$ 3515.1963,"1,152"
3715,12:13:37,$ 3514.58,184
3716,12:13:37,$ 3514.75,100
3717,12:13:37,$ 3514.71,100
3718,12:13:37,$ 3514.46,100
3719,12:13:37,$ 3514.43,100
3720,12:13:37,$ 3514.68,100
3721,12:13:37,$ 3514.1905,100
3722,12:13:37,$ 3514.1825,100
3723,12:13:37,$ 3514.28,100
3724,12:13:37,$ 3514.1825,100
3725,12:13:37,$ 3514.32,100
3727,12:13:22,$ 3513.92,100
3728,12:13:12,$ 3513.725,"1,000"
3729,12:12:45,$ 3513.34,100
3730,12:12:45,$ 3513.92,100
3731,12:12:39,$ 3513.8603,113
3732,12:12:31,$ 3512.87,100
3733,12:12:25,$ 3513.435,100
3734,12:12:18,$ 3513.10,100
3735,12:12:11,$ 3513.04,100
3736,12:12:10,$ 3513.02,100
3737,12:11:46,$ 3513.6494,200
3738,12:11:19,$ 3513.29,100
3739,12:10:39,$ 3513.4537,200
3740,12:10:07,$ 3514.84,100
3741,12:10:07,$ 3514.50,100
3742,12:10:00,$ 3514.55,100
3743,12:09:57,$ 3514.25,100
3744,12:09:44,$ 3512.875,115
3745,12:09:22,$ 3512.71,100
3746,12:09:21,$ 3512.0374,100
3748,12:09:18,$ 3512.36,100
3749,12:09:09,$ 3512.79,100
3750,12:08:51,$ 3513.085,100
3751,12:08:51,$ 3513.115,100
3752,12:08:51,$ 3513.095,100
3753,12:08:51,$ 3513.05,100
3754,12:08:41,$ 3514.05,100
3755,12:08:13,$ 3514.29,100
3756,12:08:13,$ 3514.53,100
3757,12:08:13,$ 3514.56,100
3758,12:08:13,$ 3514.48,100
3759,12:08:06,$ 3514.00,100
3760,12:07:45,$ 3513.51,100
3761,12:07:32,$ 3511.66,100
3762,12:07:32,$ 3511.67,100
3763,12:07:32,$ 3511.6499,100
3764,12:07:30,$ 3510.9417,100
3765,12:07:25,$ 3511.1393,158
3766,12:07:07,$ 3511.12,100
3767,12:06:12,$ 3512.84,100
3769,12:06:01,$ 3512.98,100
3770,12:05:42,$ 3512.3529,100
3771,12:05:29,$ 3512.425,100
3772,12:05:12,$ 3512.155,100
3773,12:04:58,$ 3511.41,100
3774,12:04:58,$ 3511.45,100
3775,12:04:53,$ 3511.51,100
3776,12:04:53,$ 3512.14,100
3777,12:04:53,$ 3511.98,100
3778,12:04:18,$ 3513.05,100
3779,12:04:14,$ 3512.90,100
3780,12:04:05,$ 3513.65,100
3781,12:04:03,$ 3513.58,100
3782,12:03:41,$ 3512.7508,100
3783,12:03:35,$ 3513.45,100
3784,12:03:26,$ 3513.78,100
3785,12:03:26,$ 3513.83,100
3786,12:03:19,$ 3513.025,100
3787,12:03:06,$ 3512.19,115
3788,12:03:00,$ 3511.40,100
3790,12:02:52,$ 3512.55,100
3791,12:02:25,$ 3512.005,100
3792,12:02:23,$ 3511.865,107
3793,12:01:59,$ 3512.19,100
3794,12:01:58,$ 3512.9299,150
3795,12:01:45,$ 3512.11,100
3796,12:01:44,$ 3512.03,100
3797,12:01:44,$ 3512.32,100
3798,12:01:43,$ 3512.95,100
3799,12:01:39,$ 3513.11,100
3800,12:01:39,$ 3513.23,200
3801,12:01:39,$ 3513.31,100
3802,12:01:02,$ 3512.7925,100
3803,12:01:00,$ 3513.15,100
3804,12:00:20,$ 3512.615,100
3805,12:00:16,$ 3512.32,100
3806,12:00:15,$ 3512.3301,100
3808,12:59:41,$ 3514.98,100
3809,12:59:38,$ 3515.28,100
3810,12:59:20,$ 3514.81,100
3811,12:59:00,$ 3515.52,100
3812,12:58:48,$ 3516.07,100
3813,12:58:37,$ 3516.00,100
3814,12:58:07,$ 3516.51,100
3815,12:58:04,$ 3516.7971,100
3816,12:57:56,$ 3516.17,100
3817,12:57:49,$ 3515.72,100
3818,12:57:43,$ 3515.68,100
3819,12:56:45,$ 3514.6093,180
3820,12:56:42,$ 3515.275,100
3821,12:56:03,$ 3515.79,100
3822,12:55:29,$ 3515.02,100
3823,12:55:06,$ 3515.5401,100
3824,12:55:05,$ 3515.816,200
3825,12:54:47,$ 3516.155,100
3826,12:53:01,$ 3515.51,100
3827,12:52:59,$ 3514.56,100
3829,12:52:38,$ 3514.55,160
3830,12:52:30,$ 3514.94,100
3831,12:51:55,$ 3514.53,100
3832,12:51:55,$ 3514.54,100
3833,12:51:43,$ 3513.96,100
3834,12:51:43,$ 3514.08,100
3835,12:50:55,$ 3514.40,100
3836,12:50:51,$ 3514.85,100
3837,12:50:51,$ 3514.88,100
3838,12:50:38,$ 3515.3092,100
3839,12:50:35,$ 3515.50,300
3840,12:50:32,$ 3514.51,129
3841,12:50:00,$ 3514.47,125
3842,12:49:58,$ 3514.295,100
3843,12:48:32,$ 3515.47,100
3844,12:48:30,$ 3515.41,100
