,NLS Time (ET),NLS Price,NLS Share Volume
1,09:59:59,$ 3640.98,100
2,09:59:55,$ 3639.8899,180
3,09:59:54,$ 3639.97,100
4,09:59:51,$ 3640.00,100
5,09:59:39,$ 3638.2475,100
6,09:59:38,$ 3638.2475,100
7,09:59:26,$ 3638.245,360
8,09:59:25,$ 3639.22,123
9,09:59:24,$ 3639.82,100
10,09:59:09,$ 3639.89,110
11,09:59:08,$ 3639.57,100
12,09:59:08,$ 3639.57,100
13,09:58:59,$ 3638.86,200
14,09:58:45,$ 3637.18,100
15,09:58:43,$ 3636.02,100
16,09:58:31,$ 3637.52,200
17,09:58:31,$ 3636.455,100
18,09:58:31,$ 3636.415,100
19,09:58:30,$ 3636.715,100
20,09:58:30,$ 3638.35,200
22,09:58:28,$ 3637.02,100
23,09:58:28,$ 3636.72,100
24,09:58:28,$ 3636.72,100
25,09:58:28,$ 3636.69,100
26,09:58:28,$ 3638.35,100
27,09:58:27,$ 3638.02,100
28,09:58:27,$ 3638.94,100
29,09:58:27,$ 3637.59,168
30,09:58:27,$ 3638.93,100
31,09:58:27,$ 3637.03,100
32,09:58:27,$ 3637.8838,100
33,09:58:27,$ 3637.88,100
34,09:58:27,$ 3637.8835,100
35,09:58:27,$ 3637.90,100
36,09:58:26,$ 3639.99,100
37,09:58:26,$ 3640.00,100
38,09:58:16,$ 3640.97,100
39,09:58:12,$ 3641.00,100
40,09:58:12,$ 3640.18,200
41,09:57:52,$ 3639.125,100
43,09:57:48,$ 3639.37,150
44,09:57:48,$ 3640.00,124
45,09:57:48,$ 3640.00,435
46,09:57:48,$ 3639.94,100
47,09:57:46,$ 3642.0684,164
48,09:57:35,$ 3640.90,199
49,09:57:34,$ 3641.15,100
50,09:57:34,$ 3641.11,100
51,09:57:27,$ 3641.47,100
52,09:57:25,$ 3641.52,100
53,09:57:23,$ 3641.4475,100
54,09:57:23,$ 3640.01,100
55,09:57:18,$ 3641.94,100
56,09:57:17,$ 3641.93,100
57,09:57:08,$ 3640.80,100
58,09:57:07,$ 3640.96,100
59,09:56:59,$ 3642.4574,100
60,09:56:58,$ 3640.075,100
61,09:56:53,$ 3640.32,300
62,09:56:46,$ 3640.09,200
64,09:56:34,$ 3639.2312,300
65,09:56:34,$ 3640.36,100
66,09:56:34,$ 3639.015,100
67,09:56:34,$ 3639.02,100
68,09:56:34,$ 3639.02,100
69,09:56:34,$ 3640.76,100
70,09:56:26,$ 3639.36,100
71,09:56:25,$ 3639.573,200
72,09:56:25,$ 3639.81,100
73,09:56:25,$ 3639.81,100
74,09:56:25,$ 3639.81,100
75,09:56:25,$ 3640.65,162
76,09:56:14,$ 3641.2886,824
77,09:56:13,$ 3641.84,120
78,09:56:12,$ 3642.36,100
79,09:56:09,$ 3642.76,100
80,09:55:57,$ 3645.43,100
81,09:55:57,$ 3645.51,100
82,09:55:53,$ 3645.77,100
83,09:55:24,$ 3645.315,500
85,09:55:20,$ 3645.54,100
86,09:55:04,$ 3644.02,300
87,09:54:47,$ 3643.92,132
88,09:54:41,$ 3645.5638,100
89,09:54:27,$ 3646.11,100
90,09:54:24,$ 3647.00,113
91,09:54:24,$ 3647.00,113
92,09:54:24,$ 3646.2825,100
93,09:54:12,$ 3645.78,100
94,09:54:12,$ 3645.89,100
95,09:54:10,$ 3646.205,100
96,09:54:07,$ 3646.185,100
97,09:54:00,$ 3643.37,100
98,09:53:58,$ 3643.35,500
99,09:53:57,$ 3643.14,308
100,09:53:57,$ 3642.90,100
101,09:53:54,$ 3643.1399,650
102,09:53:52,$ 3643.15,100
103,09:53:49,$ 3643.1416,100
104,09:53:48,$ 3643.705,100
106,09:53:47,$ 3642.9001,500
107,09:53:43,$ 3643.3301,100
108,09:53:41,$ 3643.31,187
109,09:53:37,$ 3645.14,100
110,09:53:37,$ 3643.31,250
111,09:53:35,$ 3645.98,100
112,09:53:33,$ 3645.35,268
113,09:53:33,$ 3646.52,100
114,09:53:30,$ 3648.933,200
115,09:53:25,$ 3647.9758,100
116,09:53:20,$ 3649.12,200
117,09:53:20,$ 3649.12,100
118,09:53:20,$ 3649.12,100
119,09:53:17,$ 3648.915,100
120,09:53:14,$ 3648.73,100
121,09:53:14,$ 3648.87,100
122,09:53:13,$ 3648.99,100
123,09:53:11,$ 3648.86,100
124,09:53:10,$ 3648.1375,100
125,09:53:07,$ 3648.98,100
127,09:53:07,$ 3648.98,100
128,09:53:07,$ 3647.8743,100
129,09:53:07,$ 3648.01,100
130,09:53:06,$ 3647.64,100
131,09:53:06,$ 3647.64,100
132,09:53:06,$ 3647.63,100
133,09:53:05,$ 3648.00,100
134,09:53:04,$ 3647.99,100
135,09:53:01,$ 3647.915,100
136,09:53:01,$ 3647.86,100
137,09:52:54,$ 3645.935,100
138,09:52:54,$ 3645.93,100
139,09:52:53,$ 3645.1701,100
140,09:52:53,$ 3645.44,100
141,09:52:53,$ 3645.00,300
142,09:52:51,$ 3644.04,100
143,09:52:47,$ 3643.4742,150
144,09:52:47,$ 3644.50,100
145,09:52:47,$ 3644.33,100
146,09:52:46,$ 3644.65,100
148,09:52:46,$ 3644.00,100
149,09:52:36,$ 3642.36,400
150,09:52:36,$ 3642.00,100
151,09:52:24,$ 3639.2979,300
152,09:52:16,$ 3638.71,126
153,09:52:16,$ 3638.92,100
154,09:52:16,$ 3639.02,100
155,09:52:13,$ 3639.69,100
156,09:52:13,$ 3639.66,122
157,09:52:11,$ 3640.28,100
158,09:52:05,$ 3640.285,100
159,09:52:04,$ 3640.36,100
160,09:51:51,$ 3641.49,100
161,09:51:42,$ 3639.74,200
162,09:51:40,$ 3639.53,100
163,09:51:30,$ 3639.735,100
164,09:51:15,$ 3641.00,100
165,09:51:15,$ 3640.99,100
166,09:51:06,$ 3640.17,120
167,09:51:06,$ 3639.88,100
169,09:51:05,$ 3639.36,100
170,09:51:02,$ 3639.50,100
171,09:51:00,$ 3638.19,100
172,09:50:58,$ 3638.3761,300
173,09:50:54,$ 3638.88,100
174,09:50:52,$ 3638.96,100
175,09:50:50,$ 3639.40,100
176,09:50:49,$ 3639.96,102
177,09:50:49,$ 3640.7867,207
178,09:50:49,$ 3639.40,100
179,09:50:49,$ 3639.13,100
180,09:50:49,$ 3639.13,100
181,09:50:49,$ 3639.26,100
182,09:50:37,$ 3638.33,100
183,09:50:34,$ 3641.00,150
184,09:50:23,$ 3638.925,100
185,09:50:20,$ 3640.85,100
186,09:50:20,$ 3639.87,100
187,09:50:03,$ 3641.00,113
188,09:50:03,$ 3641.00,113
190,09:50:02,$ 3641.00,113
191,09:50:01,$ 3641.00,113
192,09:50:00,$ 3641.00,100
193,09:50:00,$ 3641.00,100
194,09:50:00,$ 3641.68,100
195,09:49:54,$ 3641.00,125
196,09:49:50,$ 3642.46,100
197,09:49:49,$ 3641.3865,500
198,09:49:48,$ 3642.2881,100
199,09:49:38,$ 3641.9999,150
200,09:49:34,$ 3640.355,100
201,09:49:34,$ 3641.5804,100
202,09:49:29,$ 3642.00,100
203,09:49:28,$ 3642.00,198
204,09:49:20,$ 3642.7129,150
205,09:49:20,$ 3643.3561,100
206,09:49:16,$ 3641.98,100
207,09:49:12,$ 3643.50,100
208,09:49:10,$ 3642.745,200
209,09:49:10,$ 3642.5664,370
211,09:49:09,$ 3643.42,287
212,09:49:09,$ 3643.38,100
213,09:49:09,$ 3643.19,100
214,09:49:06,$ 3642.9192,100
215,09:49:05,$ 3642.995,500
216,09:48:57,$ 3642.61,200
217,09:48:57,$ 3642.6599,200
218,09:48:57,$ 3642.61,100
219,09:48:57,$ 3642.6599,100
220,09:48:57,$ 3642.61,200
221,09:48:54,$ 3642.07,100
222,09:48:44,$ 3642.44,100
223,09:48:44,$ 3641.98,100
224,09:48:44,$ 3641.53,100
225,09:48:44,$ 3642.44,100
226,09:48:44,$ 3641.62,100
227,09:48:44,$ 3641.72,100
228,09:48:44,$ 3641.82,100
229,09:48:44,$ 3641.97,100
230,09:48:44,$ 3642.47,100
232,09:48:43,$ 3641.09,100
233,09:48:43,$ 3640.82,100
234,09:48:43,$ 3640.89,100
235,09:48:42,$ 3640.85,100
236,09:48:42,$ 3640.20,100
237,09:48:42,$ 3640.54,100
238,09:48:42,$ 3640.49,100
239,09:48:42,$ 3640.51,100
240,09:48:42,$ 3640.85,300
241,09:48:41,$ 3639.97,100
242,09:48:39,$ 3639.48,400
243,09:48:37,$ 3639.25,100
244,09:48:31,$ 3638.68,100
245,09:48:31,$ 3638.45,100
246,09:48:30,$ 3638.48,100
247,09:48:29,$ 3637.0401,100
248,09:48:21,$ 3636.3697,100
249,09:48:20,$ 3637.29,300
250,09:48:16,$ 3637.615,100
251,09:48:13,$ 3636.69,100
253,09:47:53,$ 3636.03,100
254,09:47:36,$ 3635.375,200
255,09:47:34,$ 3635.35,300
256,09:47:34,$ 3634.91,100
257,09:47:29,$ 3635.00,100
258,09:47:28,$ 3634.98,100
259,09:47:26,$ 3634.11,100
260,09:47:26,$ 3634.39,100
261,09:47:26,$ 3634.36,100
262,09:47:25,$ 3635.00,100
263,09:47:24,$ 3634.99,100
264,09:47:24,$ 3634.75,100
265,09:47:17,$ 3634.55,100
266,09:47:10,$ 3634.175,100
267,09:47:10,$ 3633.48,100
268,09:47:08,$ 3634.06,100
269,09:46:55,$ 3631.0955,100
270,09:46:53,$ 3631.65,100
271,09:46:53,$ 3631.65,100
272,09:46:47,$ 3631.6399,100
274,09:46:40,$ 3631.356,100
275,09:46:36,$ 3630.615,180
276,09:46:36,$ 3631.55,100
277,09:46:26,$ 3631.40,100
278,09:46:25,$ 3630.99,100
279,09:46:22,$ 3630.125,100
280,09:46:13,$ 3629.375,300
281,09:46:09,$ 3629.99,100
282,09:46:09,$ 3629.99,200
283,09:46:08,$ 3629.61,100
284,09:46:03,$ 3628.49,100
285,09:45:55,$ 3628.95,100
286,09:45:55,$ 3629.21,100
287,09:45:44,$ 3627.00,100
288,09:45:44,$ 3627.685,100
289,09:45:40,$ 3627.605,100
290,09:45:37,$ 3628.97,100
291,09:45:29,$ 3628.06,100
292,09:45:26,$ 3627.846,200
293,09:45:09,$ 3627.56,108
295,09:45:09,$ 3627.13,116
296,09:45:04,$ 3627.00,100
297,09:45:03,$ 3626.90,100
298,09:45:03,$ 3627.00,100
299,09:45:00,$ 3626.5718,100
300,09:45:00,$ 3625.36,100
301,09:44:56,$ 3626.33,151
302,09:44:49,$ 3627.13,100
303,09:44:47,$ 3627.13,100
304,09:44:47,$ 3627.13,100
305,09:44:46,$ 3626.97,100
306,09:44:43,$ 3626.00,100
307,09:44:43,$ 3625.50,400
308,09:44:36,$ 3626.095,100
309,09:44:33,$ 3625.01,100
310,09:44:32,$ 3626.18,150
311,09:44:29,$ 3626.2934,196
312,09:44:25,$ 3626.69,500
313,09:44:20,$ 3626.86,100
314,09:44:20,$ 3626.00,140
316,09:44:15,$ 3627.48,200
317,09:44:11,$ 3627.8247,275
318,09:44:10,$ 3626.495,100
319,09:44:09,$ 3628.89,100
320,09:44:08,$ 3628.29,100
321,09:44:08,$ 3628.34,108
322,09:44:06,$ 3628.29,100
323,09:43:50,$ 3626.33,100
324,09:43:49,$ 3628.3299,300
325,09:43:45,$ 3626.45,100
326,09:43:45,$ 3626.46,100
327,09:43:36,$ 3626.905,150
328,09:43:31,$ 3626.00,100
329,09:43:31,$ 3626.00,150
330,09:43:31,$ 3626.00,100
331,09:43:31,$ 3626.00,100
332,09:43:21,$ 3626.92,100
333,09:43:16,$ 3627.4929,181
334,09:43:02,$ 3627.10,150
335,09:42:50,$ 3628.05,100
337,09:42:46,$ 3630.2399,100
338,09:42:41,$ 3629.81,100
339,09:42:39,$ 3629.00,100
340,09:42:33,$ 3629.2201,100
341,09:42:19,$ 3630.00,100
342,09:42:14,$ 3632.00,100
343,09:42:02,$ 3630.07,200
344,09:42:02,$ 3630.62,200
345,09:42:02,$ 3630.8179,300
346,09:42:01,$ 3630.00,118
347,09:41:45,$ 3630.00,100
348,09:41:44,$ 3631.12,100
349,09:41:43,$ 3631.49,100
350,09:41:40,$ 3632.92,100
351,09:41:26,$ 3632.12,100
352,09:41:15,$ 3631.82,100
353,09:41:14,$ 3631.28,100
354,09:41:06,$ 3632.19,100
355,09:41:00,$ 3630.7125,100
356,09:41:00,$ 3630.805,100
358,09:41:00,$ 3630.805,100
359,09:41:00,$ 3630.2431,100
360,09:40:35,$ 3631.095,100
361,09:40:32,$ 3631.113,550
362,09:40:30,$ 3632.8436,162
363,09:40:05,$ 3633.11,200
364,09:39:53,$ 3630.65,100
365,09:39:44,$ 3631.1101,100
366,09:39:29,$ 3632.79,100
367,09:39:21,$ 3632.785,298
368,09:39:18,$ 3632.20,100
369,09:39:07,$ 3632.76,340
370,09:38:46,$ 3634.66,200
371,09:38:46,$ 3634.525,100
372,09:38:45,$ 3633.35,100
373,09:38:45,$ 3633.89,100
374,09:38:43,$ 3635.18,100
375,09:38:39,$ 3636.43,100
376,09:38:38,$ 3635.47,100
377,09:38:38,$ 3635.46,100
379,09:38:28,$ 3635.38,100
380,09:38:25,$ 3634.92,400
381,09:38:15,$ 3632.53,100
382,09:38:11,$ 3634.15,100
383,09:38:09,$ 3633.615,200
384,09:38:08,$ 3634.185,200
385,09:38:08,$ 3634.185,100
386,09:38:07,$ 3634.0698,250
387,09:38:00,$ 3634.265,300
388,09:37:58,$ 3632.46,100
389,09:37:53,$ 3633.07,100
390,09:37:52,$ 3633.07,100
391,09:37:51,$ 3633.07,100
392,09:37:49,$ 3635.91,100
393,09:37:47,$ 3635.00,300
394,09:37:39,$ 3634.09,100
395,09:37:33,$ 3634.585,100
396,09:37:30,$ 3634.745,400
397,09:37:28,$ 3633.478,465
398,09:37:22,$ 3634.12,100
400,09:37:18,$ 3634.39,100
401,09:37:18,$ 3633.92,100
402,09:37:17,$ 3633.92,100
403,09:37:15,$ 3633.66,100
404,09:37:12,$ 3634.10,100
405,09:37:12,$ 3634.265,100
406,09:37:12,$ 3634.10,100
407,09:37:12,$ 3634.10,100
408,09:37:12,$ 3634.10,100
409,09:37:12,$ 3632.38,100
410,09:37:12,$ 3631.74,100
411,09:37:12,$ 3632.332,100
412,09:37:12,$ 3631.74,100
413,09:37:11,$ 3630.845,100
414,09:37:08,$ 3630.03,100
415,09:37:07,$ 3629.015,112
416,09:37:06,$ 3629.92,100
417,09:37:04,$ 3629.92,100
418,09:37:04,$ 3629.00,100
419,09:37:04,$ 3629.92,100
421,09:36:58,$ 3632.00,113
422,09:36:56,$ 3631.32,100
423,09:36:56,$ 3631.22,100
424,09:36:56,$ 3631.19,100
425,09:36:56,$ 3631.8217,200
426,09:36:46,$ 3631.90,100
427,09:36:46,$ 3631.265,200
428,09:36:45,$ 3631.365,200
429,09:36:45,$ 3631.365,100
430,09:36:44,$ 3631.34,700
431,09:36:38,$ 3630.19,100
432,09:36:32,$ 3630.42,100
433,09:36:31,$ 3629.99,100
434,09:36:31,$ 3629.99,140
435,09:36:31,$ 3629.195,100
436,09:36:23,$ 3628.78,100
437,09:36:20,$ 3629.6999,100
438,09:36:19,$ 3629.44,200
439,09:36:19,$ 3627.045,100
440,09:36:18,$ 3628.50,100
442,09:36:18,$ 3629.00,144
443,09:36:18,$ 3627.76,100
444,09:36:18,$ 3627.69,100
445,09:36:18,$ 3627.57,200
446,09:36:18,$ 3627.53,100
447,09:36:14,$ 3623.48,153
448,09:36:10,$ 3625.20,100
449,09:36:10,$ 3625.12,100
450,09:36:10,$ 3625.68,100
451,09:36:10,$ 3625.71,100
452,09:36:02,$ 3626.0979,100
453,09:35:59,$ 3623.725,100
454,09:35:59,$ 3623.28,100
455,09:35:59,$ 3623.27,100
456,09:35:59,$ 3623.3501,100
457,09:35:50,$ 3623.37,100
458,09:35:50,$ 3622.95,200
459,09:35:50,$ 3622.04,100
460,09:35:50,$ 3623.71,100
461,09:35:49,$ 3624.08,100
463,09:35:49,$ 3624.09,100
464,09:35:43,$ 3625.58,100
465,09:35:36,$ 3625.905,100
466,09:35:36,$ 3625.905,100
467,09:35:35,$ 3625.905,"1,000"
468,09:35:31,$ 3624.99,100
469,09:35:31,$ 3626.08,100
470,09:35:31,$ 3626.08,100
471,09:35:31,$ 3625.46,256
472,09:35:31,$ 3625.46,588
473,09:35:31,$ 3625.46,162
474,09:35:30,$ 3624.985,160
475,09:35:28,$ 3624.24,100
476,09:35:27,$ 3624.49,100
477,09:35:26,$ 3625.28,100
478,09:35:21,$ 3625.15,100
479,09:35:17,$ 3625.595,115
480,09:35:17,$ 3625.535,500
481,09:35:16,$ 3625.905,500
482,09:35:14,$ 3625.905,500
484,09:35:13,$ 3624.19,462
485,09:35:11,$ 3625.62,250
486,09:35:08,$ 3625.99,100
487,09:35:07,$ 3625.74,100
488,09:35:07,$ 3625.74,100
489,09:35:05,$ 3624.01,150
490,09:35:05,$ 3624.00,273
491,09:35:05,$ 3624.00,203
492,09:35:03,$ 3624.83,100
493,09:35:00,$ 3625.75,100
494,09:34:58,$ 3625.755,100
495,09:34:58,$ 3626.51,100
496,09:34:58,$ 3626.51,100
497,09:34:58,$ 3626.51,100
498,09:34:58,$ 3626.51,100
499,09:34:58,$ 3626.51,132
500,09:34:58,$ 3626.50,100
501,09:34:49,$ 3624.5786,150
502,09:34:48,$ 3624.335,100
503,09:34:48,$ 3624.335,100
505,09:34:46,$ 3625.44,100
506,09:34:45,$ 3627.36,100
507,09:34:45,$ 3627.53,189
508,09:34:45,$ 3627.53,111
509,09:34:43,$ 3629.99,200
510,09:34:41,$ 3628.35,150
511,09:34:41,$ 3628.35,100
512,09:34:39,$ 3628.5975,100
513,09:34:35,$ 3628.50,100
514,09:34:34,$ 3628.84,100
515,09:34:32,$ 3628.72,100
516,09:34:30,$ 3630.85,100
517,09:34:30,$ 3630.3281,100
518,09:34:25,$ 3633.2344,101
519,09:34:25,$ 3630.00,100
520,09:34:21,$ 3630.3801,200
521,09:34:21,$ 3631.02,100
522,09:34:21,$ 3631.37,100
523,09:34:20,$ 3632.66,100
524,09:34:17,$ 3633.875,200
526,09:34:14,$ 3635.915,195
527,09:34:10,$ 3632.56,100
528,09:34:07,$ 3636.5446,105
529,09:34:05,$ 3632.705,200
530,09:34:05,$ 3632.63,300
531,09:34:03,$ 3638.1358,200
532,09:33:58,$ 3635.44,100
533,09:33:52,$ 3635.00,100
534,09:33:52,$ 3635.07,300
535,09:33:47,$ 3638.327,150
536,09:33:47,$ 3638.52,150
537,09:33:43,$ 3637.08,170
538,09:33:38,$ 3638.52,100
539,09:33:37,$ 3637.04,100
540,09:33:37,$ 3637.185,100
541,09:33:32,$ 3637.185,100
542,09:33:32,$ 3638.7405,150
543,09:33:29,$ 3639.235,100
544,09:33:28,$ 3637.22,100
545,09:33:27,$ 3637.255,100
547,09:33:25,$ 3638.46,100
548,09:33:24,$ 3638.465,150
549,09:33:23,$ 3640.44,100
550,09:33:23,$ 3640.41,100
551,09:33:21,$ 3640.00,142
552,09:33:20,$ 3639.16,100
553,09:33:20,$ 3640.36,198
554,09:33:20,$ 3640.00,100
555,09:33:18,$ 3639.492,210
556,09:33:18,$ 3639.492,102
557,09:33:18,$ 3639.492,178
558,09:33:17,$ 3639.54,100
559,09:33:17,$ 3639.02,100
560,09:33:17,$ 3637.695,100
561,09:33:16,$ 3639.49,100
562,09:33:16,$ 3637.27,100
563,09:33:16,$ 3637.27,100
564,09:33:16,$ 3638.84,100
565,09:33:16,$ 3638.80,100
566,09:33:12,$ 3638.62,100
568,09:33:12,$ 3638.56,100
569,09:33:12,$ 3637.81,100
570,09:33:12,$ 3636.65,100
571,09:33:12,$ 3636.325,100
572,09:33:11,$ 3637.15,100
573,09:33:11,$ 3637.17,100
574,09:33:10,$ 3638.365,100
575,09:33:08,$ 3640.3268,238
576,09:33:07,$ 3638.695,140
577,09:33:04,$ 3637.0301,275
578,09:33:04,$ 3638.695,225
579,09:33:01,$ 3638.82,100
580,09:33:01,$ 3638.75,100
581,09:32:59,$ 3639.555,200
582,09:32:58,$ 3638.71,100
583,09:32:58,$ 3639.00,119
584,09:32:58,$ 3639.00,100
585,09:32:58,$ 3639.00,100
586,09:32:58,$ 3638.37,100
587,09:32:58,$ 3638.37,100
589,09:32:58,$ 3638.495,100
590,09:32:58,$ 3637.99,100
591,09:32:58,$ 3637.84,100
592,09:32:58,$ 3638.00,165
593,09:32:58,$ 3638.00,100
594,09:32:58,$ 3638.00,108
595,09:32:58,$ 3636.44,100
596,09:32:57,$ 3635.815,120
597,09:32:52,$ 3635.6475,100
598,09:32:51,$ 3632.8377,200
599,09:32:51,$ 3635.00,200
600,09:32:51,$ 3635.00,200
601,09:32:51,$ 3635.00,200
602,09:32:49,$ 3635.00,200
603,09:32:48,$ 3632.21,100
604,09:32:46,$ 3632.87,100
605,09:32:43,$ 3636.27,100
606,09:32:34,$ 3637.25,100
607,09:32:34,$ 3638.00,424
608,09:32:34,$ 3637.25,200
610,09:32:17,$ 3639.34,100
611,09:32:14,$ 3640.6399,500
612,09:32:14,$ 3639.3482,100
613,09:32:02,$ 3640.67,150
614,09:32:00,$ 3638.44,100
615,09:32:00,$ 3638.65,100
616,09:32:00,$ 3638.64,100
617,09:32:00,$ 3638.64,114
618,09:31:59,$ 3638.765,100
619,09:31:59,$ 3638.725,100
620,09:31:58,$ 3638.125,200
621,09:31:57,$ 3639.53,100
622,09:31:57,$ 3639.32,100
623,09:31:57,$ 3638.35,100
624,09:31:57,$ 3638.00,166
625,09:31:55,$ 3636.98,100
626,09:31:53,$ 3635.56,200
627,09:31:53,$ 3637.26,100
628,09:31:53,$ 3635.50,100
629,09:31:53,$ 3635.50,100
631,09:31:53,$ 3637.73,100
632,09:31:53,$ 3635.63,100
633,09:31:51,$ 3637.61,200
634,09:31:51,$ 3637.82,100
635,09:31:51,$ 3639.38,100
636,09:31:51,$ 3639.18,100
637,09:31:51,$ 3638.84,100
638,09:31:51,$ 3637.00,100
639,09:31:51,$ 3639.13,100
640,09:31:51,$ 3640.00,200
641,09:31:51,$ 3639.00,119
642,09:31:50,$ 3638.87,100
643,09:31:47,$ 3637.03,100
644,09:31:46,$ 3638.00,171
645,09:31:46,$ 3638.00,100
646,09:31:45,$ 3637.9899,392
647,09:31:44,$ 3636.535,150
648,09:31:43,$ 3637.38,220
649,09:31:42,$ 3636.495,300
650,09:31:42,$ 3637.16,100
652,09:31:42,$ 3636.51,139
653,09:31:40,$ 3635.31,100
654,09:31:40,$ 3635.17,100
655,09:31:38,$ 3635.50,100
656,09:31:33,$ 3635.215,100
657,09:31:33,$ 3635.325,100
658,09:31:32,$ 3635.365,100
659,09:31:32,$ 3635.47,100
660,09:31:28,$ 3638.3262,305
661,09:31:28,$ 3637.02,412
662,09:31:28,$ 3637.02,200
663,09:31:27,$ 3637.01,100
664,09:31:27,$ 3636.97,100
665,09:31:27,$ 3636.80,100
666,09:31:27,$ 3637.16,100
667,09:31:27,$ 3635.73,100
668,09:31:18,$ 3638.36,100
669,09:31:18,$ 3638.36,200
670,09:31:18,$ 3638.36,100
671,09:31:18,$ 3638.355,100
673,09:31:17,$ 3638.87,100
674,09:31:17,$ 3638.58,100
675,09:31:13,$ 3640.7699,250
676,09:31:12,$ 3639.335,150
677,09:31:06,$ 3640.9313,500
678,09:31:05,$ 3636.13,100
679,09:31:04,$ 3637.75,100
680,09:31:04,$ 3637.76,100
681,09:31:04,$ 3637.66,100
682,09:31:04,$ 3639.56,170
683,09:31:03,$ 3637.91,100
684,09:31:03,$ 3637.89,100
685,09:31:03,$ 3637.90,100
686,09:31:03,$ 3637.50,100
687,09:31:03,$ 3637.50,100
688,09:31:01,$ 3638.04,100
689,09:30:59,$ 3637.745,100
690,09:30:59,$ 3637.90,100
691,09:30:59,$ 3637.78,100
692,09:30:57,$ 3638.165,100
694,09:30:54,$ 3638.44,100
695,09:30:54,$ 3638.9928,100
696,09:30:53,$ 3639.988,200
697,09:30:53,$ 3638.55,100
698,09:30:53,$ 3638.55,100
699,09:30:53,$ 3639.00,100
700,09:30:53,$ 3639.00,400
701,09:30:53,$ 3639.04,100
702,09:30:50,$ 3640.835,200
703,09:30:50,$ 3640.085,100
704,09:30:48,$ 3640.195,100
705,09:30:48,$ 3640.475,100
706,09:30:48,$ 3640.475,300
707,09:30:46,$ 3640.225,100
708,09:30:46,$ 3640.225,100
709,09:30:44,$ 3641.2575,100
710,09:30:44,$ 3641.40,100
711,09:30:44,$ 3641.14,100
712,09:30:44,$ 3640.975,100
713,09:30:44,$ 3640.975,100
715,09:30:44,$ 3640.975,100
716,09:30:44,$ 3640.59,100
717,09:30:44,$ 3641.40,100
718,09:30:43,$ 3641.68,100
719,09:30:40,$ 3641.70,100
720,09:30:39,$ 3642.78,100
721,09:30:38,$ 3642.23,100
722,09:30:38,$ 3642.23,100
723,09:30:38,$ 3641.80,100
724,09:30:36,$ 3641.07,100
725,09:30:34,$ 3640.276,100
726,09:30:32,$ 3640.52,100
727,09:30:31,$ 3638.92,100
728,09:30:31,$ 3638.70,100
729,09:30:30,$ 3640.245,100
730,09:30:30,$ 3638.435,100
731,09:30:29,$ 3640.245,200
732,09:30:29,$ 3639.8725,100
733,09:30:24,$ 3637.06,100
734,09:30:22,$ 3638.55,100
736,09:30:22,$ 3638.55,100
737,09:30:22,$ 3636.9425,100
738,09:30:22,$ 3638.91,100
739,09:30:22,$ 3638.55,100
740,09:30:22,$ 3638.06,100
741,09:30:22,$ 3638.55,100
742,09:30:22,$ 3638.55,100
743,09:30:22,$ 3637.405,100
744,09:30:21,$ 3638.02,100
745,09:30:21,$ 3638.00,100
746,09:30:21,$ 3638.01,100
747,09:30:21,$ 3636.885,100
748,09:30:21,$ 3638.00,100
749,09:30:21,$ 3638.00,100
750,09:30:21,$ 3636.885,100
751,09:30:21,$ 3636.885,100
752,09:30:21,$ 3637.02,100
753,09:30:21,$ 3635.40,100
754,09:30:21,$ 3636.11,100
755,09:30:21,$ 3636.276,200
757,09:30:21,$ 3636.65,100
758,09:30:21,$ 3638.00,100
759,09:30:21,$ 3638.00,358
760,09:30:21,$ 3638.00,100
761,09:30:21,$ 3638.00,146
762,09:30:17,$ 3638.62,100
763,09:30:17,$ 3638.50,116
764,09:30:17,$ 3639.50,100
765,09:30:17,$ 3639.00,100
766,09:30:17,$ 3639.00,996
767,09:30:17,$ 3639.00,100
768,09:30:17,$ 3639.00,100
769,09:30:16,$ 3639.0001,150
770,09:30:12,$ 3641.115,100
771,09:30:11,$ 3641.24,100
772,09:30:11,$ 3641.00,100
773,09:30:11,$ 3640.96,100
774,09:30:10,$ 3642.26,104
775,09:30:07,$ 3643.125,700
776,09:30:07,$ 3643.12,100
778,09:30:07,$ 3642.251,410
779,09:30:07,$ 3642.251,266
780,09:30:07,$ 3642.90,100
781,09:30:07,$ 3642.70,100
782,09:30:07,$ 3642.70,100
783,09:30:05,$ 3642.87,100
784,09:30:04,$ 3643.57,100
785,09:30:03,$ 3643.22,100
786,09:30:03,$ 3643.58,104
787,09:30:03,$ 3643.9799,150
788,09:30:02,$ 3642.26,100
789,09:30:02,$ 3643.00,188
790,09:30:02,$ 3643.00,100
791,09:30:01,$ 3640.00,20
792,09:30:01,$ 3640.00,1
793,09:30:01,$ 3640.00,5
794,09:30:01,$ 3640.00,1
795,09:30:01,$ 3640.00,1
796,09:30:01,$ 3640.00,1
797,09:30:01,$ 3640.00,10
799,09:30:01,$ 3640.00,5
800,09:30:01,$ 3640.00,1
801,09:30:01,$ 3640.00,2
802,09:30:01,$ 3640.00,50
803,09:30:01,$ 3640.00,8
804,09:30:01,$ 3640.00,1
805,09:30:01,$ 3640.00,1
806,09:30:01,$ 3640.00,1
807,09:30:01,$ 3640.00,10
808,09:30:01,$ 3640.00,2
809,09:30:01,$ 3640.00,3
810,09:30:01,$ 3640.00,1
811,09:30:01,$ 3640.00,5
812,09:30:01,$ 3640.00,4
813,09:30:01,$ 3640.00,3
814,09:30:01,$ 3640.00,1
815,09:30:01,$ 3640.00,5
816,09:30:01,$ 3640.00,2
817,09:30:01,$ 3640.00,2
818,09:30:01,$ 3640.00,1
820,09:30:01,$ 3640.00,1
821,09:30:01,$ 3640.00,2
822,09:30:01,$ 3640.00,1
823,09:30:01,$ 3640.00,3
824,09:30:01,$ 3640.00,1
825,09:30:01,$ 3640.00,5
826,09:30:01,$ 3640.00,25
827,09:30:01,$ 3640.00,6
828,09:30:01,$ 3640.00,1
829,09:30:01,$ 3640.00,3
830,09:30:01,$ 3640.00,3
831,09:30:01,$ 3640.00,10
832,09:30:01,$ 3640.00,30
833,09:30:01,$ 3640.00,15
834,09:30:01,$ 3640.00,10
835,09:30:01,$ 3640.00,1
836,09:30:01,$ 3640.00,2
837,09:30:01,$ 3640.00,6
838,09:30:01,$ 3640.00,2
839,09:30:01,$ 3640.00,1
841,09:30:01,$ 3640.00,2
842,09:30:01,$ 3640.00,2
843,09:30:01,$ 3640.00,5
844,09:30:01,$ 3640.00,3
845,09:30:01,$ 3640.00,3
846,09:30:01,$ 3640.00,100
847,09:30:01,$ 3640.00,2
848,09:30:01,$ 3640.00,5
849,09:30:01,$ 3640.00,1
850,09:30:01,$ 3640.00,1
851,09:30:01,$ 3640.00,1
852,09:30:01,$ 3640.00,2
853,09:30:01,$ 3640.00,5
854,09:30:01,$ 3640.00,1
855,09:30:01,$ 3640.00,3
856,09:30:01,$ 3640.00,2
857,09:30:01,$ 3640.00,204
858,09:30:01,$ 3640.00,2
859,09:30:01,$ 3640.00,1
860,09:30:01,$ 3640.00,1
862,09:30:01,$ 3640.00,7
863,09:30:01,$ 3640.00,1
864,09:30:01,$ 3640.00,1
865,09:30:01,$ 3640.00,1
866,09:30:01,$ 3640.00,7
867,09:30:01,$ 3640.00,10
868,09:30:01,$ 3640.00,10
869,09:30:01,$ 3640.00,3
870,09:30:01,$ 3640.00,5
871,09:30:01,$ 3640.00,2
872,09:30:01,$ 3640.00,3
873,09:30:01,$ 3640.00,5
874,09:30:01,$ 3640.00,3
875,09:30:01,$ 3640.00,2
876,09:30:01,$ 3640.00,8
877,09:30:01,$ 3640.00,4
878,09:30:01,$ 3640.00,1
879,09:30:01,$ 3640.00,1
880,09:30:01,$ 3640.00,1
881,09:30:01,$ 3640.00,5
883,09:30:01,$ 3640.00,1
884,09:30:01,$ 3640.00,21
885,09:30:01,$ 3640.00,1
886,09:30:01,$ 3640.00,4
887,09:30:01,$ 3640.00,9
888,09:30:01,$ 3640.00,1
889,09:30:01,$ 3640.00,3
890,09:30:01,$ 3640.00,1
891,09:30:01,$ 3640.00,1
892,09:30:01,$ 3640.00,10
893,09:30:01,$ 3640.00,10
894,09:30:01,$ 3640.00,10
895,09:30:01,$ 3640.00,3
896,09:30:01,$ 3640.00,2
897,09:30:01,$ 3640.00,3
898,09:30:01,$ 3640.00,3
899,09:30:01,$ 3640.00,1
900,09:30:01,$ 3640.00,15
901,09:30:01,$ 3640.00,70
902,09:30:01,$ 3640.00,4
904,09:30:01,$ 3640.00,9
905,09:30:01,$ 3640.00,21
906,09:30:01,$ 3640.00,2
907,09:30:01,$ 3640.00,3
908,09:30:01,$ 3640.00,4
909,09:30:01,$ 3640.00,1
910,09:30:01,$ 3640.00,5
911,09:30:01,$ 3640.00,1
912,09:30:01,$ 3640.00,10
913,09:30:01,$ 3640.00,5
914,09:30:01,$ 3640.00,15
915,09:30:01,$ 3640.00,1
916,09:30:01,$ 3640.00,2
917,09:30:01,$ 3640.00,1
918,09:30:01,$ 3640.00,14
919,09:30:01,$ 3640.00,3
920,09:30:01,$ 3640.00,1
921,09:30:01,$ 3640.00,5
922,09:30:01,$ 3640.00,2
923,09:30:01,$ 3640.00,8
925,09:30:01,$ 3640.00,5
926,09:30:01,$ 3640.00,11
927,09:30:01,$ 3640.00,5
928,09:30:01,$ 3640.00,3
929,09:30:01,$ 3640.00,51
930,09:30:01,$ 3640.00,14
931,09:30:01,$ 3640.00,6
932,09:30:01,$ 3640.00,46
933,09:30:01,$ 3640.00,5
934,09:30:01,$ 3640.00,5
935,09:30:01,$ 3640.00,2
936,09:30:01,$ 3640.00,2
937,09:30:01,$ 3640.00,3
938,09:30:01,$ 3640.00,5
939,09:30:01,$ 3640.00,2
940,09:30:01,$ 3640.00,2
941,09:30:01,$ 3640.00,3
942,09:30:01,$ 3640.00,2
943,09:30:01,$ 3640.00,1
944,09:30:01,$ 3640.00,3
946,09:30:01,$ 3640.00,6
947,09:30:01,$ 3640.00,4
948,09:30:01,$ 3640.00,32
949,09:30:01,$ 3640.00,7
950,09:30:01,$ 3640.00,2
951,09:30:01,$ 3640.00,3
952,09:30:01,$ 3640.00,6
953,09:30:01,$ 3640.00,5
954,09:30:01,$ 3640.00,2
955,09:30:01,$ 3640.00,7
956,09:30:01,$ 3640.00,18
957,09:30:01,$ 3640.00,11
958,09:30:01,$ 3640.00,15
959,09:30:01,$ 3640.00,2
960,09:30:01,$ 3640.00,23
961,09:30:01,$ 3640.00,26
962,09:30:01,$ 3640.00,1
963,09:30:01,$ 3640.00,30
964,09:30:01,$ 3640.00,30
965,09:30:01,$ 3640.00,16
967,09:30:01,$ 3640.00,3
968,09:30:01,$ 3640.00,162
969,09:30:01,$ 3640.00,5
970,09:30:01,$ 3640.00,6
971,09:30:01,$ 3640.00,17
972,09:30:01,$ 3640.00,2
973,09:30:01,$ 3640.00,10
974,09:30:01,$ 3640.00,2
975,09:30:01,$ 3640.00,3
976,09:30:01,$ 3640.00,1
977,09:30:01,$ 3640.00,1
978,09:30:01,$ 3640.00,15
979,09:30:01,$ 3640.00,3
980,09:30:01,$ 3640.00,1
981,09:30:01,$ 3640.00,2
982,09:30:01,$ 3640.00,3
983,09:30:01,$ 3640.00,5
984,09:30:01,$ 3640.00,2
985,09:30:01,$ 3640.00,1
986,09:30:01,$ 3640.00,1
988,09:30:01,$ 3640.00,1
989,09:30:01,$ 3640.00,1
990,09:30:01,$ 3640.00,2
991,09:30:01,$ 3640.00,10
992,09:30:01,$ 3640.00,1
993,09:30:01,$ 3640.00,2
994,09:30:01,$ 3640.00,1
995,09:30:01,$ 3640.00,1
996,09:30:01,$ 3640.00,1
997,09:30:01,$ 3640.00,2
998,09:30:01,$ 3640.00,1
999,09:30:01,$ 3640.00,3
1000,09:30:01,$ 3640.00,1
1001,09:30:01,$ 3640.00,2
1002,09:30:01,$ 3640.00,1
1003,09:30:01,$ 3640.00,3
1004,09:30:01,$ 3640.00,1
1005,09:30:01,$ 3640.00,1
1006,09:30:01,$ 3640.00,1
1007,09:30:01,$ 3640.00,1
1009,09:30:01,$ 3640.00,1
1010,09:30:01,$ 3640.00,1
1011,09:30:01,$ 3640.00,3
1012,09:30:01,$ 3640.00,1
1013,09:30:01,$ 3640.00,1
1014,09:30:01,$ 3640.00,8
1015,09:30:01,$ 3640.00,1
1016,09:30:01,$ 3640.00,3
1017,09:30:01,$ 3640.00,3
1018,09:30:01,$ 3640.00,2
1019,09:30:01,$ 3640.00,5
1020,09:30:01,$ 3640.00,1
1021,09:30:01,$ 3640.00,2
1022,09:30:01,$ 3640.00,50
1023,09:30:01,$ 3640.00,1
1024,09:30:01,$ 3640.00,10
1025,09:30:01,$ 3640.00,1
1026,09:30:01,$ 3640.00,1
1027,09:30:01,$ 3640.00,8
1028,09:30:01,$ 3640.00,3
1030,09:30:01,$ 3640.00,1
1031,09:30:01,$ 3640.00,2
1032,09:30:01,$ 3640.00,2
1033,09:30:01,$ 3640.00,3
1034,09:30:01,$ 3640.00,1
1035,09:30:01,$ 3640.00,2
1036,09:30:01,$ 3640.00,5
1037,09:30:01,$ 3640.00,1
1038,09:30:01,$ 3640.00,1
1039,09:30:01,$ 3640.00,1
1040,09:30:01,$ 3640.00,1
1041,09:30:01,$ 3640.00,55
1042,09:30:01,$ 3640.00,3
1043,09:30:01,$ 3640.00,2
1044,09:30:01,$ 3640.00,1
1045,09:30:01,$ 3640.00,3
1046,09:30:01,$ 3640.00,1
1047,09:30:01,$ 3640.00,3
1048,09:30:01,$ 3640.00,2
1049,09:30:01,$ 3640.00,1
1051,09:30:01,$ 3640.00,1
1052,09:30:01,$ 3640.00,1
1053,09:30:01,$ 3640.00,50
1054,09:30:01,$ 3640.00,10
1055,09:30:01,$ 3640.00,1
1056,09:30:01,$ 3640.00,4
1057,09:30:01,$ 3640.00,1
1058,09:30:01,$ 3640.00,5
1059,09:30:01,$ 3640.00,10
1060,09:30:01,$ 3640.00,2
1061,09:30:01,$ 3640.00,3
1062,09:30:01,$ 3640.00,1
1063,09:30:01,$ 3640.00,1
1064,09:30:01,$ 3640.00,12
1065,09:30:01,$ 3640.00,1
1066,09:30:01,$ 3640.00,5
1067,09:30:01,$ 3640.00,1
1068,09:30:01,$ 3640.00,5
1069,09:30:01,$ 3640.00,1
1070,09:30:01,$ 3640.00,1
1072,09:30:01,$ 3640.00,1
1073,09:30:01,$ 3640.00,5
1074,09:30:01,$ 3640.00,1
1075,09:30:01,$ 3640.00,1
1076,09:30:01,$ 3640.00,2
1077,09:30:01,$ 3640.00,5
1078,09:30:01,$ 3640.00,1
1079,09:30:01,$ 3640.00,3
1080,09:30:01,$ 3640.00,1
1081,09:30:01,$ 3640.00,1
1082,09:30:01,$ 3640.00,5
1083,09:30:01,$ 3640.00,3
1084,09:30:01,$ 3640.00,15
1085,09:30:01,$ 3640.00,2
1086,09:30:01,$ 3640.00,1
1087,09:30:01,$ 3640.00,2
1088,09:30:01,$ 3640.00,1
1089,09:30:01,$ 3640.00,2
1090,09:30:01,$ 3640.00,3
1091,09:30:01,$ 3640.00,1
1093,09:30:01,$ 3640.00,6
1094,09:30:01,$ 3640.00,1
1095,09:30:01,$ 3640.00,1
1096,09:30:01,$ 3640.00,25
1097,09:30:01,$ 3640.00,1
1098,09:30:01,$ 3640.00,6
1099,09:30:01,$ 3640.00,2
1100,09:30:01,$ 3640.00,9
1101,09:30:01,$ 3640.00,4
1102,09:30:01,$ 3640.00,30
1103,09:30:01,$ 3640.00,1
1104,09:30:01,$ 3640.00,1
1105,09:30:01,$ 3640.00,5
1106,09:30:01,$ 3640.00,6
1107,09:30:01,$ 3640.00,2
1108,09:30:01,$ 3640.00,4
1109,09:30:01,$ 3640.00,2
1110,09:30:01,$ 3640.00,1
1111,09:30:01,$ 3640.00,224
1112,09:30:01,$ 3640.00,3
1114,09:30:01,$ 3640.00,1
1115,09:30:01,$ 3640.00,1
1116,09:30:01,$ 3640.00,2
1117,09:30:01,$ 3640.00,13
1118,09:30:01,$ 3640.00,4
1119,09:30:01,$ 3640.00,1
1120,09:30:01,$ 3640.00,2
1121,09:30:01,$ 3640.00,1
1122,09:30:01,$ 3640.00,2
1123,09:30:01,$ 3640.00,2
1124,09:30:01,$ 3640.00,1
1125,09:30:01,$ 3640.00,25
1126,09:30:01,$ 3640.00,3
1127,09:30:01,$ 3640.00,1
1128,09:30:01,$ 3640.00,1
1129,09:30:01,$ 3640.00,1
1130,09:30:01,$ 3640.00,2
1131,09:30:01,$ 3640.00,1
1132,09:30:01,$ 3640.00,25
1133,09:30:01,$ 3640.00,1
1135,09:30:01,$ 3640.00,1
1136,09:30:01,$ 3640.00,2
1137,09:30:01,$ 3640.00,10
1138,09:30:01,$ 3640.00,3
1139,09:30:01,$ 3640.00,2
1140,09:30:01,$ 3640.00,1
1141,09:30:01,$ 3640.00,1
1142,09:30:01,$ 3640.00,3
1143,09:30:01,$ 3640.00,50
1144,09:30:01,$ 3640.00,1
1145,09:30:01,$ 3640.00,1
1146,09:30:01,$ 3640.00,1
1147,09:30:01,$ 3640.00,10
1148,09:30:01,$ 3640.00,1
1149,09:30:01,$ 3640.00,2
1150,09:30:01,$ 3640.00,5
1151,09:30:01,$ 3640.00,1
1152,09:30:01,$ 3640.00,3
1153,09:30:01,$ 3640.00,9
1154,09:30:01,$ 3640.00,1
1156,09:30:01,$ 3640.00,3
1157,09:30:01,$ 3640.00,1
1158,09:30:01,$ 3640.00,1
1159,09:30:01,$ 3640.00,5
1160,09:30:01,$ 3640.00,1
1161,09:30:01,$ 3640.00,6
1162,09:30:01,$ 3640.00,1
1163,09:30:01,$ 3640.00,1
1164,09:30:01,$ 3640.00,25
1165,09:30:01,$ 3640.00,1
1166,09:30:01,$ 3640.00,1
1167,09:30:01,$ 3640.00,8
1168,09:30:01,$ 3640.00,2
1169,09:30:01,$ 3640.00,3
1170,09:30:01,$ 3640.00,1
1171,09:30:01,$ 3640.00,4
1172,09:30:01,$ 3640.00,140
1173,09:30:01,$ 3640.00,1
1174,09:30:01,$ 3640.00,1
1175,09:30:01,$ 3640.00,5
1177,09:30:01,$ 3640.00,1
1178,09:30:01,$ 3640.00,1
1179,09:30:01,$ 3640.00,1
1180,09:30:01,$ 3640.00,1
1181,09:30:01,$ 3640.00,1
1182,09:30:01,$ 3640.00,1
1183,09:30:01,$ 3640.00,2
1184,09:30:01,$ 3640.00,1
1185,09:30:01,$ 3640.00,2
1186,09:30:01,$ 3640.00,1
1187,09:30:01,$ 3640.00,3
1188,09:30:01,$ 3640.00,1
1189,09:30:01,$ 3640.00,2
1190,09:30:01,$ 3640.00,1
1191,09:30:01,$ 3640.00,5
1192,09:30:01,$ 3640.00,1
1193,09:30:01,$ 3640.00,1
1194,09:30:01,$ 3640.00,1
1195,09:30:01,$ 3640.00,1
1196,09:30:01,$ 3640.00,2
1198,09:30:01,$ 3640.00,2
1199,09:30:01,$ 3640.00,2
1200,09:30:01,$ 3640.00,2
1201,09:30:01,$ 3640.00,3
1202,09:30:01,$ 3640.00,1
1203,09:30:01,$ 3640.00,1
1204,09:30:01,$ 3640.00,3
1205,09:30:01,$ 3640.00,1
1206,09:30:01,$ 3640.00,1
1207,09:30:01,$ 3640.00,2
1208,09:30:01,$ 3640.00,3
1209,09:30:01,$ 3640.00,1
1210,09:30:01,$ 3640.00,1
1211,09:30:01,$ 3640.00,1
1212,09:30:01,$ 3640.00,1
1213,09:30:01,$ 3640.00,5
1214,09:30:01,$ 3640.00,1
1215,09:30:01,$ 3640.00,1
1216,09:30:01,$ 3640.00,1
1217,09:30:01,$ 3640.00,1
1219,09:30:01,$ 3640.00,6
1220,09:30:01,$ 3640.00,1
1221,09:30:01,$ 3640.00,20
1222,09:30:01,$ 3640.00,1
1223,09:30:01,$ 3640.00,1
1224,09:30:01,$ 3640.00,10
1225,09:30:01,$ 3640.00,2
1226,09:30:01,$ 3640.00,1
1227,09:30:01,$ 3640.00,1
1228,09:30:01,$ 3640.00,1
1229,09:30:01,$ 3640.00,1
1230,09:30:01,$ 3640.00,2
1231,09:30:01,$ 3640.00,3
1232,09:30:01,$ 3640.00,3
1233,09:30:01,$ 3640.00,8
1234,09:30:01,$ 3640.00,1
1235,09:30:01,$ 3640.00,1
1236,09:30:01,$ 3640.00,1
1237,09:30:01,$ 3640.00,10
1238,09:30:01,$ 3640.00,50
1240,09:30:01,$ 3640.00,15
1241,09:30:01,$ 3640.00,40
1242,09:30:01,$ 3640.00,10
1243,09:30:01,$ 3640.00,133
1244,09:30:01,$ 3640.00,3
1245,09:30:01,$ 3640.00,16
1246,09:30:01,$ 3640.00,20
1247,09:30:01,$ 3640.00,15
1248,09:30:01,$ 3640.00,4
1249,09:30:01,$ 3640.00,21
1250,09:30:01,$ 3640.00,3
1251,09:30:01,$ 3640.00,9
1252,09:30:01,$ 3640.00,16
1253,09:30:01,$ 3640.00,1
1254,09:30:01,$ 3640.00,3
1255,09:30:01,$ 3640.00,1
1256,09:30:01,$ 3640.00,1
1257,09:30:01,$ 3640.00,2
1258,09:30:01,$ 3640.00,1
1259,09:30:01,$ 3640.00,50
1261,09:30:01,$ 3640.00,6
1262,09:30:01,$ 3640.00,1
1263,09:30:01,$ 3640.00,2
1264,09:30:01,$ 3640.00,1
1265,09:30:01,$ 3640.00,3
1266,09:30:01,$ 3640.00,4
1267,09:30:01,$ 3640.00,2
1268,09:30:01,$ 3640.00,2
1269,09:30:01,$ 3640.00,2
1270,09:30:01,$ 3640.00,10
1271,09:30:01,$ 3640.00,30
1272,09:30:01,$ 3640.00,3
1273,09:30:01,$ 3640.00,107
1274,09:30:01,$ 3640.00,11
1275,09:30:01,$ 3640.00,21
1276,09:30:01,$ 3640.00,4
1277,09:30:01,$ 3640.00,8
1278,09:30:01,$ 3640.00,3
1279,09:30:01,$ 3640.00,4
1280,09:30:01,$ 3640.00,138
1282,09:30:01,$ 3640.00,1
1283,09:30:01,$ 3640.00,1
1284,09:30:01,$ 3640.00,3
1285,09:30:01,$ 3640.00,14
1286,09:30:01,$ 3640.00,5
1287,09:30:01,$ 3640.00,7
1288,09:30:01,$ 3640.00,14
1289,09:30:01,$ 3640.00,25
1290,09:30:01,$ 3640.00,1
1291,09:30:01,$ 3640.00,6
1292,09:30:01,$ 3640.00,5
1293,09:30:01,$ 3640.00,1
1294,09:30:01,$ 3640.00,1
1295,09:30:01,$ 3640.00,1
1296,09:30:01,$ 3640.00,6
1297,09:30:01,$ 3640.00,1
1298,09:30:01,$ 3640.00,15
1299,09:30:01,$ 3640.00,20
1300,09:30:01,$ 3640.00,1
1301,09:30:01,$ 3640.00,3
1303,09:30:01,$ 3640.00,20
1304,09:30:01,$ 3640.00,2
1305,09:30:01,$ 3640.00,1
1306,09:30:01,$ 3640.00,3
1307,09:30:01,$ 3640.00,1
1308,09:30:01,$ 3640.00,1
1309,09:30:01,$ 3640.00,2
1310,09:30:01,$ 3640.00,3
1311,09:30:01,$ 3640.00,2
1312,09:30:01,$ 3640.00,2
1313,09:30:01,$ 3640.00,5
1314,09:30:01,$ 3640.00,2
1315,09:30:01,$ 3640.00,5
1316,09:30:01,$ 3640.00,15
1317,09:30:01,$ 3640.00,15
1318,09:30:01,$ 3640.00,6
1319,09:30:01,$ 3640.00,1
1320,09:30:01,$ 3640.00,3
1321,09:30:01,$ 3640.00,2
1322,09:30:01,$ 3640.00,20
1324,09:30:01,$ 3640.00,4
1325,09:30:01,$ 3640.00,40
1326,09:30:01,$ 3640.00,2
1327,09:30:01,$ 3640.00,1
1328,09:30:01,$ 3640.00,1
1329,09:30:01,$ 3640.00,4
1330,09:30:01,$ 3640.00,3
1331,09:30:01,$ 3640.00,13
1332,09:30:01,$ 3640.00,2
1333,09:30:01,$ 3640.00,6
1334,09:30:01,$ 3640.00,2
1335,09:30:01,$ 3640.00,3
1336,09:30:01,$ 3640.00,3
1337,09:30:01,$ 3640.00,1
1338,09:30:01,$ 3640.00,7
1339,09:30:01,$ 3640.00,3
1340,09:30:01,$ 3640.00,2
1341,09:30:01,$ 3640.00,1
1342,09:30:01,$ 3640.00,1
1343,09:30:01,$ 3640.00,1
1345,09:30:01,$ 3640.00,15
1346,09:30:01,$ 3640.00,3
1347,09:30:01,$ 3640.00,1
1348,09:30:01,$ 3640.00,1
1349,09:30:01,$ 3640.00,1
1350,09:30:01,$ 3640.00,2
1351,09:30:01,$ 3640.00,14
1352,09:30:01,$ 3640.00,10
1353,09:30:01,$ 3640.00,2
1354,09:30:01,$ 3640.00,2
1355,09:30:01,$ 3640.00,1
1356,09:30:01,$ 3640.00,10
1357,09:30:01,$ 3640.00,10
1358,09:30:01,$ 3640.00,20
1359,09:30:01,$ 3640.00,5
1360,09:30:01,$ 3640.00,1
1361,09:30:01,$ 3640.00,2
1362,09:30:01,$ 3640.00,1
1363,09:30:01,$ 3640.00,1
1364,09:30:01,$ 3640.00,5
1366,09:30:01,$ 3640.00,4
1367,09:30:01,$ 3640.00,4
1368,09:30:01,$ 3640.00,1
1369,09:30:01,$ 3640.00,8
1370,09:30:01,$ 3640.00,3
1371,09:30:01,$ 3640.00,40
1372,09:30:01,$ 3640.00,30
1373,09:30:01,$ 3640.00,20
1374,09:30:01,$ 3640.00,20
1375,09:30:01,$ 3640.00,30
1376,09:30:01,$ 3640.00,30
1377,09:30:01,$ 3640.00,100
1378,09:30:01,$ 3640.00,1
1379,09:30:01,$ 3640.00,1
1380,09:30:01,$ 3640.00,1
1381,09:30:01,$ 3640.00,1
1382,09:30:01,$ 3640.00,3
1383,09:30:01,$ 3640.00,10
1384,09:30:01,$ 3640.00,1
1385,09:30:01,$ 3640.00,2
1387,09:30:01,$ 3640.00,1
1388,09:30:01,$ 3640.00,2
1389,09:30:01,$ 3640.00,1
1390,09:30:01,$ 3640.00,500
1391,09:30:01,$ 3640.00,11
1392,09:30:01,$ 3640.00,2
1393,09:30:01,$ 3640.00,350
1394,09:30:01,$ 3640.00,7
1395,09:30:01,$ 3640.00,18
1396,09:30:01,$ 3640.00,2
1397,09:30:01,$ 3640.00,44
1398,09:30:01,$ 3640.00,68
1399,09:30:01,$ 3640.00,3
1400,09:30:01,$ 3640.00,10
1401,09:30:01,$ 3640.00,10
1402,09:30:01,$ 3640.00,2
1403,09:30:01,$ 3640.00,1
1404,09:30:01,$ 3640.00,4
1405,09:30:01,$ 3640.00,3
1406,09:30:01,$ 3640.00,3
1408,09:30:01,$ 3640.00,6
1409,09:30:01,$ 3640.00,10
1410,09:30:01,$ 3640.00,3
1411,09:30:01,$ 3640.00,2
1412,09:30:01,$ 3640.00,5
1413,09:30:01,$ 3640.00,1
1414,09:30:01,$ 3640.00,20
1415,09:30:01,$ 3640.00,5
1416,09:30:01,$ 3640.00,63
1417,09:30:01,$ 3640.00,10
1418,09:30:01,$ 3640.00,10
1419,09:30:01,$ 3640.00,7
1420,09:30:01,$ 3640.00,1
1421,09:30:01,$ 3640.00,1
1422,09:30:01,$ 3640.00,9
1423,09:30:01,$ 3640.00,3
1424,09:30:01,$ 3640.00,30
1425,09:30:01,$ 3640.00,11
1426,09:30:01,$ 3640.00,5
1427,09:30:01,$ 3640.00,1
1429,09:30:01,$ 3640.00,50
1430,09:30:01,$ 3640.00,1
1431,09:30:01,$ 3640.00,50
1432,09:30:01,$ 3640.00,1
1433,09:30:01,$ 3640.00,1
1434,09:30:01,$ 3640.00,36
1435,09:30:01,$ 3640.00,60
1436,09:30:01,$ 3640.00,1
1437,09:30:01,$ 3640.00,7
1438,09:30:01,$ 3640.00,3
1439,09:30:01,$ 3640.00,2
1440,09:30:01,$ 3640.00,1
1441,09:30:01,$ 3640.00,1
1442,09:30:01,$ 3640.00,2
1443,09:30:01,$ 3640.00,2
1444,09:30:01,$ 3640.00,71
1445,09:30:01,$ 3640.00,8
1446,09:30:01,$ 3640.00,1
1447,09:30:01,$ 3640.00,10
1448,09:30:01,$ 3640.00,5
1450,09:30:01,$ 3640.00,4
1451,09:30:01,$ 3640.00,58
1452,09:30:01,$ 3640.00,9
1453,09:30:01,$ 3640.00,36
1454,09:30:01,$ 3640.00,3
1455,09:30:01,$ 3640.00,3
1456,09:30:01,$ 3640.00,10
1457,09:30:01,$ 3640.00,55
1458,09:30:01,$ 3640.00,3
1459,09:30:01,$ 3640.00,4
1460,09:30:01,$ 3640.00,1
1461,09:30:01,$ 3640.00,2
1462,09:30:01,$ 3640.00,2
1463,09:30:01,$ 3640.00,1
1464,09:30:01,$ 3640.00,23
1465,09:30:01,$ 3640.00,30
1466,09:30:01,$ 3640.00,62
1467,09:30:01,$ 3640.00,2
1468,09:30:01,$ 3640.00,95
1469,09:30:01,$ 3640.00,4
1471,09:30:01,$ 3640.00,"1,468"
1472,09:30:01,$ 3640.00,1
1473,09:30:01,$ 3640.00,557
1474,09:30:01,$ 3640.00,20
1475,09:30:01,$ 3640.00,5
1476,09:30:01,$ 3640.00,27
1477,09:30:01,$ 3640.00,1
1478,09:30:01,$ 3640.00,12
1479,09:30:01,$ 3640.00,4
1480,09:30:01,$ 3640.00,1
1481,09:30:01,$ 3640.00,1
1482,09:30:01,$ 3640.00,1
1483,09:30:01,$ 3640.00,1
1484,09:30:01,$ 3640.00,1
1485,09:30:01,$ 3640.00,1
1486,09:30:01,$ 3640.00,5
1487,09:30:01,$ 3640.00,50
1488,09:30:01,$ 3640.00,20
1489,09:30:01,$ 3640.00,27
1490,09:30:01,$ 3640.00,12
1492,09:30:01,$ 3640.00,40
1493,09:30:01,$ 3640.00,2
1494,09:30:01,$ 3640.00,1
1495,09:30:01,$ 3640.00,199
1496,09:30:01,$ 3640.00,3
1497,09:30:01,$ 3640.00,2
1498,09:30:01,$ 3640.00,6
1499,09:30:01,$ 3640.00,4
1500,09:30:01,$ 3640.00,5
1501,09:30:01,$ 3640.00,2
1502,09:30:01,$ 3640.00,10
1503,09:30:01,$ 3640.00,2
1504,09:30:01,$ 3640.00,31
1505,09:30:01,$ 3640.00,35
1506,09:30:01,$ 3640.00,2
1507,09:30:01,$ 3640.00,1
1508,09:30:01,$ 3640.00,4
1509,09:30:01,$ 3640.00,11
1510,09:30:01,$ 3640.00,8
1511,09:30:01,$ 3640.00,3
1513,09:30:01,$ 3640.00,4
1514,09:30:01,$ 3640.00,2
1515,09:30:01,$ 3640.00,1
1516,09:30:01,$ 3640.00,4
1517,09:30:01,$ 3640.00,1
1518,09:30:01,$ 3640.00,7
1519,09:30:01,$ 3640.00,2
1520,09:30:01,$ 3640.00,17
1521,09:30:01,$ 3640.00,82
1522,09:30:01,$ 3640.00,1
1523,09:30:01,$ 3640.00,1
1524,09:30:01,$ 3640.00,7
1525,09:30:01,$ 3640.00,1
1526,09:30:01,$ 3640.00,2
1527,09:30:01,$ 3640.00,1
1528,09:30:01,$ 3640.00,100
1529,09:30:01,$ 3640.00,1
1530,09:30:01,$ 3640.00,1
1531,09:30:01,$ 3640.00,1
1532,09:30:01,$ 3640.00,5
1534,09:30:01,$ 3640.00,20
1535,09:30:01,$ 3640.00,6
1536,09:30:01,$ 3640.00,3
1537,09:30:01,$ 3640.00,10
1538,09:30:01,$ 3640.00,3
1539,09:30:01,$ 3640.00,1
1540,09:30:01,$ 3640.00,25
1541,09:30:01,$ 3640.00,25
1542,09:30:01,$ 3640.00,4
1543,09:30:01,$ 3640.00,4
1544,09:30:01,$ 3640.00,5
1545,09:30:01,$ 3640.00,3
1546,09:30:01,$ 3640.00,2
1547,09:30:01,$ 3640.00,14
1548,09:30:01,$ 3640.00,6
1549,09:30:01,$ 3640.00,5
1550,09:30:01,$ 3640.00,8
1551,09:30:01,$ 3640.00,4
1552,09:30:01,$ 3640.00,20
1553,09:30:01,$ 3640.00,10
1555,09:30:01,$ 3640.00,8
1556,09:30:01,$ 3640.00,1
1557,09:30:01,$ 3640.00,5
1558,09:30:01,$ 3640.00,5
1559,09:30:01,$ 3640.00,4
1560,09:30:01,$ 3640.00,3
1561,09:30:01,$ 3640.00,1
1562,09:30:01,$ 3640.00,1
1563,09:30:01,$ 3640.00,279
1564,09:30:01,$ 3640.00,51
1565,09:30:01,$ 3640.00,1
1566,09:30:01,$ 3640.00,3
1567,09:30:01,$ 3640.00,1
1568,09:30:01,$ 3640.00,10
1569,09:30:01,$ 3640.00,7
1570,09:30:01,$ 3640.00,2
1571,09:30:01,$ 3640.00,5
1572,09:30:01,$ 3640.00,3
1573,09:30:01,$ 3640.00,2
1574,09:30:01,$ 3640.00,1
1576,09:30:01,$ 3640.00,2
1577,09:30:01,$ 3640.00,1
1578,09:30:01,$ 3640.00,2
1579,09:30:01,$ 3640.00,1
1580,09:30:01,$ 3640.00,1
1581,09:30:01,$ 3640.00,1
1582,09:30:01,$ 3640.00,1
1583,09:30:01,$ 3640.00,21
1584,09:30:01,$ 3640.00,1
1585,09:30:01,$ 3640.00,1
1586,09:30:01,$ 3640.00,1
1587,09:30:01,$ 3640.00,7
1588,09:30:01,$ 3640.00,1
1589,09:30:01,$ 3640.00,5
1590,09:30:01,$ 3640.00,1
1591,09:30:01,$ 3640.00,1
1592,09:30:01,$ 3640.00,2
1593,09:30:01,$ 3640.00,4
1594,09:30:01,$ 3640.00,5
1595,09:30:01,$ 3640.00,1
1597,09:30:01,$ 3640.00,1
1598,09:30:01,$ 3640.00,1
1599,09:30:01,$ 3640.00,1
1600,09:30:01,$ 3640.00,4
1601,09:30:01,$ 3640.00,2
1602,09:30:01,$ 3640.00,4
1603,09:30:01,$ 3640.00,1
1604,09:30:01,$ 3640.00,1
1605,09:30:01,$ 3640.00,1
1606,09:30:01,$ 3640.00,2
1607,09:30:01,$ 3640.00,1
1608,09:30:01,$ 3640.00,5
1609,09:30:01,$ 3640.00,1
1610,09:30:01,$ 3640.00,1
1611,09:30:01,$ 3640.00,3
1612,09:30:01,$ 3640.00,5
1613,09:30:01,$ 3640.00,2
1614,09:30:01,$ 3640.00,1
1615,09:30:01,$ 3640.00,19
1616,09:30:01,$ 3640.00,1
1618,09:30:01,$ 3640.00,25
1619,09:30:01,$ 3640.00,22
1620,09:30:01,$ 3640.00,3
1621,09:30:01,$ 3640.00,2
1622,09:30:01,$ 3640.00,3
1623,09:30:01,$ 3640.00,18
1624,09:30:01,$ 3640.00,1
1625,09:30:01,$ 3640.00,1
1626,09:30:01,$ 3640.00,57
1627,09:30:01,$ 3640.00,3
1628,09:30:01,$ 3640.00,5
1629,09:30:01,$ 3640.00,1
1630,09:30:01,$ 3640.00,1
1631,09:30:01,$ 3640.00,5
1632,09:30:01,$ 3640.00,1
1633,09:30:01,$ 3640.00,2
1634,09:30:01,$ 3640.00,3
1635,09:30:01,$ 3640.00,6
1636,09:30:01,$ 3640.00,2
1637,09:30:01,$ 3640.00,2
1639,09:30:01,$ 3640.00,21
1640,09:30:01,$ 3640.00,62
1641,09:30:01,$ 3640.00,1
1642,09:30:01,$ 3640.00,1
1643,09:30:01,$ 3640.00,10
1644,09:30:01,$ 3640.00,6
1645,09:30:01,$ 3640.00,3
1646,09:30:01,$ 3640.00,10
1647,09:30:01,$ 3640.00,23
1648,09:30:01,$ 3640.00,5
1649,09:30:01,$ 3640.00,82
1650,09:30:01,$ 3640.00,2
1651,09:30:01,$ 3640.00,1
1652,09:30:01,$ 3640.00,32
1653,09:30:01,$ 3640.00,20
1654,09:30:01,$ 3640.00,2
1655,09:30:01,$ 3640.00,9
1656,09:30:01,$ 3640.00,1
1657,09:30:01,$ 3640.00,67
1658,09:30:01,$ 3640.00,4
1660,09:30:01,$ 3640.00,20
1661,09:30:01,$ 3640.00,7
1662,09:30:01,$ 3640.00,10
1663,09:30:01,$ 3640.00,6
1664,09:30:01,$ 3640.00,2
1665,09:30:01,$ 3640.00,11
1666,09:30:01,$ 3640.00,5
1667,09:30:01,$ 3640.00,120
1668,09:30:01,$ 3640.00,15
1669,09:30:01,$ 3640.00,8
1670,09:30:01,$ 3640.00,6
1671,09:30:01,$ 3640.00,6
1672,09:30:01,$ 3640.00,1
1673,09:30:01,$ 3640.00,1
1674,09:30:01,$ 3640.00,20
1675,09:30:01,$ 3640.00,17
1676,09:30:01,$ 3640.00,100
1677,09:30:01,$ 3640.00,1
1678,09:30:01,$ 3640.00,5
1679,09:30:01,$ 3640.00,100
1681,09:30:01,$ 3640.00,100
1682,09:30:01,$ 3640.00,1
1683,09:30:01,$ 3640.00,4
1684,09:30:01,$ 3640.00,1
1685,09:30:01,$ 3640.00,1
1686,09:30:01,$ 3640.00,1
1687,09:30:01,$ 3640.00,4
1688,09:30:01,$ 3640.00,1
1689,09:30:01,$ 3640.00,5
1690,09:30:01,$ 3640.00,1
1691,09:30:01,$ 3640.00,10
1692,09:30:01,$ 3640.00,500
1693,09:30:01,$ 3640.00,27
1694,09:30:01,$ 3640.00,5
1695,09:30:01,$ 3640.00,3
1696,09:30:01,$ 3640.00,5
1697,09:30:01,$ 3640.00,1
1698,09:30:01,$ 3640.00,3
1699,09:30:01,$ 3640.00,3
1700,09:30:01,$ 3640.00,1
1702,09:30:01,$ 3640.00,1
1703,09:30:01,$ 3640.00,1
1704,09:30:01,$ 3640.00,2
1705,09:30:01,$ 3640.00,6
1706,09:30:01,$ 3640.00,1
1707,09:30:01,$ 3640.00,1
1708,09:30:01,$ 3640.00,150
1709,09:30:01,$ 3640.00,6
1710,09:30:01,$ 3640.00,1
1711,09:30:01,$ 3640.00,2
1712,09:30:01,$ 3640.00,2
1713,09:30:01,$ 3640.00,2
1714,09:30:01,$ 3640.00,1
1715,09:30:01,$ 3640.00,1
1716,09:30:01,$ 3640.00,2
1717,09:30:01,$ 3640.00,2
1718,09:30:01,$ 3640.00,20
1719,09:30:01,$ 3640.00,1
1720,09:30:01,$ 3640.00,1
1721,09:30:01,$ 3640.00,1
1723,09:30:01,$ 3640.00,3
1724,09:30:01,$ 3640.00,12
1725,09:30:01,$ 3640.00,1
1726,09:30:01,$ 3640.00,3
1727,09:30:01,$ 3640.00,1
1728,09:30:01,$ 3640.00,5
1729,09:30:01,$ 3640.00,3
1730,09:30:01,$ 3640.00,1
1731,09:30:01,$ 3640.00,1
1732,09:30:01,$ 3640.00,1
1733,09:30:01,$ 3640.00,2
1734,09:30:01,$ 3640.00,3
1735,09:30:01,$ 3640.00,75
1736,09:30:01,$ 3640.00,2
1737,09:30:01,$ 3640.00,7
1738,09:30:01,$ 3640.00,20
1739,09:30:01,$ 3640.00,20
1740,09:30:01,$ 3640.00,1
1741,09:30:01,$ 3640.00,300
1742,09:30:01,$ 3640.00,2
1744,09:30:01,$ 3640.00,4
1745,09:30:01,$ 3640.00,2
1746,09:30:01,$ 3640.00,1
1747,09:30:01,$ 3640.00,3
1748,09:30:01,$ 3640.00,1
1749,09:30:01,$ 3640.00,3
1750,09:30:01,$ 3640.00,7
1751,09:30:01,$ 3640.00,1
1752,09:30:01,$ 3640.00,1
1753,09:30:01,$ 3640.00,1
1754,09:30:01,$ 3640.00,7
1755,09:30:01,$ 3640.00,36
1756,09:30:01,$ 3640.00,1
1757,09:30:01,$ 3640.00,2
1758,09:30:01,$ 3640.00,20
1759,09:30:01,$ 3640.00,10
1760,09:30:01,$ 3640.00,16
1761,09:30:01,$ 3640.00,10
1762,09:30:01,$ 3640.00,6
1763,09:30:01,$ 3640.00,2
1765,09:30:01,$ 3640.00,6
1766,09:30:01,$ 3640.00,10
1767,09:30:01,$ 3640.00,5
1768,09:30:01,$ 3640.00,28
1769,09:30:01,$ 3640.00,6
1770,09:30:01,$ 3640.00,46
1771,09:30:01,$ 3640.00,2
1772,09:30:01,$ 3640.00,3
1773,09:30:01,$ 3640.00,15
1774,09:30:01,$ 3640.00,1
1775,09:30:01,$ 3640.00,39
1776,09:30:01,$ 3640.00,10
1777,09:30:01,$ 3640.00,3
1778,09:30:01,$ 3640.00,3
1779,09:30:01,$ 3640.00,7
1780,09:30:01,$ 3640.00,2
1781,09:30:01,$ 3640.00,3
1782,09:30:01,$ 3640.00,10
1783,09:30:01,$ 3640.00,2
1784,09:30:01,$ 3640.00,1
1786,09:30:01,$ 3640.00,2
1787,09:30:01,$ 3640.00,1
1788,09:30:01,$ 3640.00,1
1789,09:30:01,$ 3640.00,1
1790,09:30:01,$ 3640.00,1
1791,09:30:01,$ 3640.00,13
1792,09:30:01,$ 3640.00,1
1793,09:30:01,$ 3640.00,1
1794,09:30:01,$ 3640.00,2
1795,09:30:01,$ 3640.00,3
1796,09:30:01,$ 3640.00,1
1797,09:30:01,$ 3640.00,1
1798,09:30:01,$ 3640.00,1
1799,09:30:01,$ 3640.00,1
1800,09:30:01,$ 3640.00,1
1801,09:30:01,$ 3640.00,1
1802,09:30:01,$ 3640.00,2
1803,09:30:01,$ 3640.00,3
1804,09:30:01,$ 3640.00,1
1805,09:30:01,$ 3640.00,1
1807,09:30:01,$ 3640.00,1
1808,09:30:01,$ 3640.00,1
1809,09:30:01,$ 3640.00,1
1810,09:30:01,$ 3640.00,1
1811,09:30:01,$ 3640.00,1
1812,09:30:01,$ 3640.00,5
1813,09:30:01,$ 3640.00,1
1814,09:30:01,$ 3640.00,1
1815,09:30:01,$ 3640.00,2
1816,09:30:01,$ 3640.00,10
1817,09:30:01,$ 3640.00,52
1818,09:30:01,$ 3640.00,1
1819,09:30:01,$ 3640.00,1
1820,09:30:01,$ 3640.00,1
1821,09:30:01,$ 3640.00,1
1822,09:30:01,$ 3640.00,2
1823,09:30:01,$ 3640.00,2
1824,09:30:01,$ 3640.00,3
1825,09:30:01,$ 3640.00,1
1826,09:30:01,$ 3640.00,15
1828,09:30:01,$ 3640.00,1
1829,09:30:01,$ 3640.00,1
1830,09:30:01,$ 3640.00,3
1831,09:30:01,$ 3640.00,2
1832,09:30:01,$ 3640.00,4
1833,09:30:01,$ 3640.00,3
1834,09:30:01,$ 3640.00,1
1835,09:30:01,$ 3640.00,5
1836,09:30:01,$ 3640.00,1
1837,09:30:01,$ 3640.00,1
1838,09:30:01,$ 3640.00,30
1839,09:30:01,$ 3640.00,1
1840,09:30:01,$ 3640.00,10
1841,09:30:01,$ 3640.00,1
1842,09:30:01,$ 3640.00,1
1843,09:30:01,$ 3640.00,1
1844,09:30:01,$ 3640.00,1
1845,09:30:01,$ 3640.00,3
1846,09:30:01,$ 3640.00,10
1847,09:30:01,$ 3640.00,3
1849,09:30:01,$ 3640.00,50
1850,09:30:01,$ 3640.00,1
1851,09:30:01,$ 3640.00,1
1852,09:30:01,$ 3640.00,10
1853,09:30:01,$ 3640.00,300
1854,09:30:01,$ 3640.00,27
1855,09:30:01,$ 3640.00,1
1856,09:30:01,$ 3640.00,10
1857,09:30:01,$ 3640.00,1
1858,09:30:01,$ 3640.00,4
1859,09:30:01,$ 3640.00,11
1860,09:30:01,$ 3640.00,20
1861,09:30:01,$ 3640.00,6
1862,09:30:01,$ 3640.00,"2,000"
1863,09:30:01,$ 3640.00,2
1864,09:30:01,$ 3640.00,20
1865,09:30:01,$ 3640.00,10
1866,09:30:01,$ 3640.00,1
1867,09:30:01,$ 3640.00,1
1868,09:30:01,$ 3640.00,1
1870,09:30:01,$ 3640.00,1
1871,09:30:01,$ 3640.00,50
1872,09:30:01,$ 3640.00,100
1873,09:30:01,$ 3640.00,1
1874,09:30:01,$ 3640.00,1
1875,09:30:01,$ 3640.00,1
1876,09:30:01,$ 3640.00,1
1877,09:30:01,$ 3640.00,1
1878,09:30:01,$ 3640.00,4
1879,09:30:01,$ 3640.00,2
1880,09:30:01,$ 3640.00,53
1881,09:30:01,$ 3640.00,1
1882,09:30:01,$ 3640.00,2
1883,09:30:01,$ 3640.00,1
1884,09:30:01,$ 3640.00,1
1885,09:30:01,$ 3640.00,22
1886,09:30:01,$ 3640.00,2
1887,09:30:01,$ 3640.00,3
1888,09:30:01,$ 3640.00,1
1889,09:30:01,$ 3640.00,1
1891,09:30:01,$ 3640.00,4
1892,09:30:01,$ 3640.00,23
1893,09:30:01,$ 3640.00,1
1894,09:30:01,$ 3640.00,1
1895,09:30:01,$ 3640.00,5
1896,09:30:01,$ 3640.00,1
1897,09:30:01,$ 3640.00,80
1898,09:30:01,$ 3640.00,1
1899,09:30:01,$ 3640.00,4
1900,09:30:01,$ 3640.00,2
1901,09:30:01,$ 3640.00,5
1902,09:30:01,$ 3640.00,1
1903,09:30:01,$ 3640.00,2
1904,09:30:01,$ 3640.00,2
1905,09:30:01,$ 3640.00,2
1906,09:30:01,$ 3640.00,7
1907,09:30:01,$ 3640.00,2
1908,09:30:01,$ 3640.00,1
1909,09:30:01,$ 3640.00,1
1910,09:30:01,$ 3640.00,1
1912,09:30:01,$ 3640.00,1
1913,09:30:01,$ 3640.00,1
1914,09:30:01,$ 3640.00,4
1915,09:30:01,$ 3640.00,2
1916,09:30:01,$ 3640.00,2
1917,09:30:01,$ 3640.00,2
1918,09:30:01,$ 3640.00,5
1919,09:30:01,$ 3640.00,4
1920,09:30:01,$ 3640.00,4
1921,09:30:01,$ 3640.00,1
1922,09:30:01,$ 3640.00,1
1923,09:30:01,$ 3640.00,1
1924,09:30:01,$ 3640.00,5
1925,09:30:01,$ 3640.00,2
1926,09:30:01,$ 3640.00,3
1927,09:30:01,$ 3640.00,1
1928,09:30:01,$ 3640.00,3
1929,09:30:01,$ 3640.00,15
1930,09:30:01,$ 3640.00,1
1931,09:30:01,$ 3640.00,2
1933,09:30:01,$ 3640.00,5
1934,09:30:01,$ 3640.00,1
1935,09:30:01,$ 3640.00,1
1936,09:30:01,$ 3640.00,5
1937,09:30:01,$ 3640.00,200
1938,09:30:01,$ 3640.00,5
1939,09:30:01,$ 3640.00,1
1940,09:30:01,$ 3640.00,10
1941,09:30:01,$ 3640.00,27
1942,09:30:01,$ 3640.00,13
1943,09:30:01,$ 3640.00,30
1944,09:30:01,$ 3640.00,3
1945,09:30:01,$ 3640.00,1
1946,09:30:01,$ 3640.00,100
1947,09:30:01,$ 3640.00,13
1948,09:30:01,$ 3640.00,4
1949,09:30:01,$ 3640.00,7
1950,09:30:01,$ 3640.00,3
1951,09:30:01,$ 3640.00,10
1952,09:30:01,$ 3640.00,73
1954,09:30:01,$ 3640.00,10
1955,09:30:01,$ 3640.00,5
1956,09:30:01,$ 3640.00,71
1957,09:30:01,$ 3640.00,71
1958,09:30:01,$ 3640.00,71
1959,09:30:01,$ 3640.00,11
1960,09:30:01,$ 3640.00,60
1961,09:30:01,$ 3640.00,11
1962,09:30:01,$ 3640.00,3
1963,09:30:01,$ 3640.00,1
1964,09:30:01,$ 3640.00,1
1965,09:30:01,$ 3640.00,90
1966,09:30:01,$ 3640.00,114
1967,09:30:01,$ 3640.00,65
1968,09:30:01,$ 3640.00,136
1969,09:30:01,$ 3640.00,25
1970,09:30:01,$ 3640.00,1
1971,09:30:01,$ 3640.00,2
1972,09:30:01,$ 3640.00,1
1973,09:30:01,$ 3640.00,2
1975,09:30:01,$ 3640.00,1
1976,09:30:01,$ 3640.00,3
1977,09:30:01,$ 3640.00,2
1978,09:30:01,$ 3640.00,1
1979,09:30:01,$ 3640.00,1
1980,09:30:01,$ 3640.00,30
1981,09:30:01,$ 3640.00,2
1982,09:30:01,$ 3640.00,100
1983,09:30:01,$ 3640.00,7
1984,09:30:01,$ 3640.00,2
1985,09:30:01,$ 3640.00,1
1986,09:30:01,$ 3640.00,5
1987,09:30:01,$ 3640.00,40
1988,09:30:01,$ 3640.00,80
1989,09:30:01,$ 3640.00,5
1990,09:30:01,$ 3640.00,25
1991,09:30:01,$ 3640.00,5
1992,09:30:01,$ 3640.00,300
1993,09:30:01,$ 3640.00,150
1994,09:30:01,$ 3640.00,10
1996,09:30:01,$ 3640.00,1
1997,09:30:01,$ 3640.00,8
1998,09:30:01,$ 3640.00,1
1999,09:30:01,$ 3640.00,4
2000,09:30:01,$ 3640.00,4
2001,09:30:01,$ 3640.00,2
2002,09:30:01,$ 3640.00,5
2003,09:30:01,$ 3640.00,1
2004,09:30:01,$ 3640.00,5
2005,09:30:01,$ 3640.00,1
2006,09:30:01,$ 3640.00,2
2007,09:30:01,$ 3640.00,5
2008,09:30:01,$ 3640.00,2
2009,09:30:01,$ 3640.00,2
2010,09:30:01,$ 3640.00,1
2011,09:30:01,$ 3640.00,1
2012,09:30:01,$ 3640.00,1
2013,09:30:01,$ 3640.00,5
2014,09:30:01,$ 3640.00,1
2015,09:30:01,$ 3640.00,1
2017,09:30:01,$ 3640.00,164
2018,09:30:01,$ 3640.00,178
2019,09:30:01,$ 3640.00,10
2020,09:30:01,$ 3640.00,7
2021,09:30:01,$ 3640.00,20
2022,09:30:01,$ 3640.00,5
2023,09:30:01,$ 3640.00,2
2024,09:30:01,$ 3640.00,28
2025,09:30:01,$ 3640.00,5
2026,09:30:01,$ 3640.00,9
2027,09:30:01,$ 3640.00,1
2028,09:30:01,$ 3640.00,10
2029,09:30:01,$ 3640.00,1
2030,09:30:01,$ 3640.00,10
2031,09:30:01,$ 3640.00,1
2032,09:30:01,$ 3640.00,1
2033,09:30:01,$ 3640.00,6
2034,09:30:01,$ 3640.00,1
2035,09:30:01,$ 3640.00,23
2036,09:30:01,$ 3640.00,3
2038,09:30:01,$ 3640.00,1
2039,09:30:01,$ 3640.00,8
2040,09:30:01,$ 3640.00,1
2041,09:30:01,$ 3640.00,3
2042,09:30:01,$ 3640.00,5
2043,09:30:01,$ 3640.00,3
2044,09:30:01,$ 3640.00,600
2045,09:30:01,$ 3640.00,1
2046,09:30:01,$ 3640.00,1
2047,09:30:01,$ 3640.00,14
2048,09:30:01,$ 3640.00,2
2049,09:30:01,$ 3640.00,17
2050,09:30:01,$ 3640.00,5
2051,09:30:01,$ 3640.00,40
2052,09:30:01,$ 3640.00,1
2053,09:30:01,$ 3640.00,1
2054,09:30:01,$ 3640.00,1
2055,09:30:01,$ 3640.00,1
2056,09:30:01,$ 3640.00,5
2057,09:30:01,$ 3640.00,3
2059,09:30:01,$ 3640.00,35
2060,09:30:01,$ 3640.00,1
2061,09:30:01,$ 3640.00,4
2062,09:30:01,$ 3640.00,300
2063,09:30:01,$ 3640.00,20
2064,09:30:01,$ 3640.00,1
2065,09:30:01,$ 3640.00,1
2066,09:30:01,$ 3640.00,27
2067,09:30:01,$ 3640.00,60
2068,09:30:01,$ 3640.00,23
2069,09:30:01,$ 3640.00,40
2070,09:30:01,$ 3640.00,3
2071,09:30:01,$ 3640.00,3
2072,09:30:01,$ 3640.00,4
2073,09:30:01,$ 3640.00,80
2074,09:30:01,$ 3640.00,4
2075,09:30:01,$ 3640.00,2
2076,09:30:01,$ 3640.00,5
2077,09:30:01,$ 3640.00,1
2078,09:30:01,$ 3640.00,1
2080,09:30:01,$ 3640.00,1
2081,09:30:01,$ 3640.00,7
2082,09:30:01,$ 3640.00,12
2083,09:30:01,$ 3640.00,1
2084,09:30:01,$ 3640.00,1
2085,09:30:01,$ 3640.00,1
2086,09:30:01,$ 3640.00,1
2087,09:30:01,$ 3640.00,3
2088,09:30:01,$ 3640.00,5
2089,09:30:01,$ 3640.00,27
2090,09:30:01,$ 3640.00,2
2091,09:30:01,$ 3640.00,1
2092,09:30:01,$ 3640.00,2
2093,09:30:01,$ 3640.00,1
2094,09:30:01,$ 3640.00,1
2095,09:30:01,$ 3640.00,1
2096,09:30:01,$ 3640.00,2
2097,09:30:01,$ 3640.00,5
2098,09:30:01,$ 3640.00,5
2099,09:30:01,$ 3640.00,5
2101,09:30:01,$ 3640.00,5
2102,09:30:01,$ 3640.00,5
2103,09:30:01,$ 3640.00,1
2104,09:30:01,$ 3640.00,1
2105,09:30:01,$ 3640.00,1
2106,09:30:01,$ 3640.00,1
2107,09:30:01,$ 3640.00,1
2108,09:30:01,$ 3640.00,1
2109,09:30:01,$ 3640.00,1
2110,09:30:01,$ 3640.00,3
2111,09:30:01,$ 3640.00,6
2112,09:30:01,$ 3640.00,4
2113,09:30:01,$ 3640.00,1
2114,09:30:01,$ 3640.00,2
2115,09:30:01,$ 3640.00,20
2116,09:30:01,$ 3640.00,8
2117,09:30:01,$ 3640.00,1
2118,09:30:01,$ 3640.00,2
2119,09:30:01,$ 3640.00,1
2120,09:30:01,$ 3640.00,2
2122,09:30:01,$ 3640.00,1
2123,09:30:01,$ 3640.00,12
2124,09:30:01,$ 3640.00,3
2125,09:30:01,$ 3640.00,1
2126,09:30:01,$ 3640.00,2
2127,09:30:01,$ 3640.00,1
2128,09:30:01,$ 3640.00,1
2129,09:30:01,$ 3640.00,10
2130,09:30:01,$ 3640.00,1
2131,09:30:01,$ 3640.00,2
2132,09:30:01,$ 3640.00,1
2133,09:30:01,$ 3640.00,3
2134,09:30:01,$ 3640.00,5
2135,09:30:01,$ 3640.00,1
2136,09:30:01,$ 3640.00,228
2137,09:30:01,$ 3640.00,30
2138,09:30:01,$ 3640.00,1
2139,09:30:01,$ 3640.00,2
2140,09:30:01,$ 3640.00,2
2141,09:30:01,$ 3640.00,2
2143,09:30:01,$ 3640.00,1
2144,09:30:01,$ 3640.00,1
2145,09:30:01,$ 3640.00,20
2146,09:30:01,$ 3640.00,3
2147,09:30:01,$ 3640.00,5
2148,09:30:01,$ 3640.00,3
2149,09:30:01,$ 3640.00,5
2150,09:30:01,$ 3640.00,223
2151,09:30:01,$ 3640.00,27
2152,09:30:01,$ 3640.00,6
2153,09:30:01,$ 3640.00,17
2154,09:30:01,$ 3640.00,8
2155,09:30:01,$ 3640.00,2
2156,09:30:01,$ 3640.00,5
2157,09:30:01,$ 3640.00,1
2158,09:30:01,$ 3640.00,10
2159,09:30:01,$ 3640.00,13
2160,09:30:01,$ 3640.00,10
2161,09:30:01,$ 3640.00,1
2162,09:30:01,$ 3640.00,1
2164,09:30:01,$ 3640.00,1
2165,09:30:01,$ 3640.00,1
2166,09:30:01,$ 3640.00,1
2167,09:30:01,$ 3640.00,1
2168,09:30:01,$ 3640.00,1
2169,09:30:01,$ 3640.00,1
2170,09:30:01,$ 3640.00,1
2171,09:30:01,$ 3640.00,1
2172,09:30:01,$ 3640.00,1
2173,09:30:01,$ 3640.00,200
2174,09:30:01,$ 3640.00,1
2175,09:30:01,$ 3640.00,20
2176,09:30:01,$ 3640.00,2
2177,09:30:01,$ 3640.00,17
2178,09:30:01,$ 3640.00,10
2179,09:30:01,$ 3640.00,1
2180,09:30:01,$ 3640.00,3
2181,09:30:01,$ 3640.00,18
2182,09:30:01,$ 3640.00,1
2183,09:30:01,$ 3640.00,3
2185,09:30:01,$ 3640.00,3
2186,09:30:01,$ 3640.00,10
2187,09:30:01,$ 3640.00,1
2188,09:30:01,$ 3640.00,2
2189,09:30:01,$ 3640.00,1
2190,09:30:01,$ 3640.00,5
2191,09:30:01,$ 3640.00,3
2192,09:30:01,$ 3640.00,1
2193,09:30:01,$ 3640.00,10
2194,09:30:01,$ 3640.00,2
2195,09:30:01,$ 3640.00,1
2196,09:30:01,$ 3640.00,3
2197,09:30:01,$ 3640.00,1
2198,09:30:01,$ 3640.00,10
2199,09:30:01,$ 3640.00,1
2200,09:30:01,$ 3640.00,1
2201,09:30:01,$ 3640.00,7
2202,09:30:01,$ 3640.00,6
2203,09:30:01,$ 3640.00,1
2204,09:30:01,$ 3640.00,1
2206,09:30:01,$ 3640.00,1
2207,09:30:01,$ 3640.00,4
2208,09:30:01,$ 3640.00,10
2209,09:30:01,$ 3640.00,2
2210,09:30:01,$ 3640.00,2
2211,09:30:01,$ 3640.00,1
2212,09:30:01,$ 3640.00,5
2213,09:30:01,$ 3640.00,3
2214,09:30:01,$ 3640.00,5
2215,09:30:01,$ 3640.00,80
2216,09:30:01,$ 3640.00,1
2217,09:30:01,$ 3640.00,1
2218,09:30:01,$ 3640.00,2
2219,09:30:01,$ 3640.00,2
2220,09:30:01,$ 3640.00,2
2221,09:30:01,$ 3640.00,2
2222,09:30:01,$ 3640.00,1
2223,09:30:01,$ 3640.00,7
2224,09:30:01,$ 3640.00,5
2225,09:30:01,$ 3640.00,3
2227,09:30:01,$ 3640.00,1
2228,09:30:01,$ 3640.00,5
2229,09:30:01,$ 3640.00,5
2230,09:30:01,$ 3640.00,7
2231,09:30:01,$ 3640.00,1
2232,09:30:01,$ 3640.00,2
2233,09:30:01,$ 3640.00,1
2234,09:30:01,$ 3640.00,1
2235,09:30:01,$ 3640.00,3
2236,09:30:01,$ 3640.00,1
2237,09:30:01,$ 3640.00,1
2238,09:30:01,$ 3640.00,3
2239,09:30:01,$ 3640.00,2
2240,09:30:01,$ 3640.00,1
2241,09:30:01,$ 3640.00,1
2242,09:30:01,$ 3640.00,12
2243,09:30:01,$ 3640.00,1
2244,09:30:01,$ 3640.00,1
2245,09:30:01,$ 3640.00,5
2246,09:30:01,$ 3640.00,2
2248,09:30:01,$ 3640.00,2
2249,09:30:01,$ 3640.00,1
2250,09:30:01,$ 3640.00,1
2251,09:30:01,$ 3640.00,3
2252,09:30:01,$ 3640.00,8
2253,09:30:01,$ 3640.00,4
2254,09:30:01,$ 3640.00,3
2255,09:30:01,$ 3640.00,1
2256,09:30:01,$ 3640.00,4
2257,09:30:01,$ 3640.00,1
2258,09:30:01,$ 3640.00,4
2259,09:30:01,$ 3640.00,4
2260,09:30:01,$ 3640.00,3
2261,09:30:01,$ 3640.00,1
2262,09:30:01,$ 3640.00,11
2263,09:30:01,$ 3640.00,21
2264,09:30:01,$ 3640.00,27
2265,09:30:01,$ 3640.00,1
2266,09:30:01,$ 3640.00,1
2267,09:30:01,$ 3640.00,6
2269,09:30:01,$ 3640.00,5
2270,09:30:01,$ 3640.00,50
2271,09:30:01,$ 3640.00,5
2272,09:30:01,$ 3640.00,3
2273,09:30:01,$ 3640.00,3
2274,09:30:01,$ 3640.00,3
2275,09:30:01,$ 3640.00,3
2276,09:30:01,$ 3640.00,3
2277,09:30:01,$ 3640.00,10
2278,09:30:01,$ 3640.00,5
2279,09:30:01,$ 3640.00,3
2280,09:30:01,$ 3640.00,2
2281,09:30:01,$ 3640.00,3
2282,09:30:01,$ 3640.00,1
2283,09:30:01,$ 3640.00,13
2284,09:30:01,$ 3640.00,1
2285,09:30:01,$ 3640.00,3
2286,09:30:01,$ 3640.00,2
2287,09:30:01,$ 3640.00,2
2288,09:30:01,$ 3640.00,1
2290,09:30:01,$ 3640.00,3
2291,09:30:01,$ 3640.00,3
2292,09:30:01,$ 3640.00,1
2293,09:30:01,$ 3640.00,1
2294,09:30:01,$ 3640.00,2
2295,09:30:01,$ 3640.00,1
2296,09:30:01,$ 3640.00,3
2297,09:30:01,$ 3640.00,1
2298,09:30:01,$ 3640.00,1
2299,09:30:01,$ 3640.00,2
2300,09:30:01,$ 3640.00,4
2301,09:30:01,$ 3640.00,1
2302,09:30:01,$ 3640.00,1
2303,09:30:01,$ 3640.00,2
2304,09:30:01,$ 3640.00,1
2305,09:30:01,$ 3640.00,1
2306,09:30:01,$ 3640.00,1
2307,09:30:01,$ 3640.00,2
2308,09:30:01,$ 3640.00,1
2309,09:30:01,$ 3640.00,3
2311,09:30:01,$ 3640.00,3
2312,09:30:01,$ 3640.00,1
2313,09:30:01,$ 3640.00,3
2314,09:30:01,$ 3640.00,1
2315,09:30:01,$ 3640.00,2
2316,09:30:01,$ 3640.00,2
2317,09:30:01,$ 3640.00,3
2318,09:30:01,$ 3640.00,2
2319,09:30:01,$ 3640.00,1
2320,09:30:01,$ 3640.00,1
2321,09:30:01,$ 3640.00,1
2322,09:30:01,$ 3640.00,1
2323,09:30:01,$ 3640.00,100
2324,09:30:01,$ 3640.00,1
2325,09:30:01,$ 3640.00,198
2326,09:30:01,$ 3640.00,30
2327,09:30:01,$ 3640.00,7
2328,09:30:01,$ 3640.00,10
2329,09:30:01,$ 3640.00,2
2330,09:30:01,$ 3640.00,5
2332,09:30:01,$ 3640.00,2
2333,09:30:01,$ 3640.00,2
2334,09:30:01,$ 3640.00,1
2335,09:30:01,$ 3640.00,1
2336,09:30:01,$ 3640.00,1
2337,09:30:01,$ 3640.00,15
2338,09:30:01,$ 3640.00,1
2339,09:30:01,$ 3640.00,1
2340,09:30:01,$ 3640.00,1
2341,09:30:01,$ 3640.00,1
2342,09:30:01,$ 3640.00,1
2343,09:30:01,$ 3640.00,1
2344,09:30:01,$ 3640.00,1
2345,09:30:01,$ 3640.00,50
2346,09:30:01,$ 3640.00,3
2347,09:30:01,$ 3640.00,14
2348,09:30:01,$ 3640.00,25
2349,09:30:01,$ 3640.00,1
2350,09:30:01,$ 3640.00,2
2351,09:30:01,$ 3640.00,1
2353,09:30:01,$ 3640.00,1
2354,09:30:01,$ 3640.00,1
2355,09:30:01,$ 3640.00,1
2356,09:30:01,$ 3640.00,1
2357,09:30:01,$ 3640.00,1
2358,09:30:01,$ 3640.00,1
2359,09:30:01,$ 3640.00,1
2360,09:30:01,$ 3640.00,1
2361,09:30:01,$ 3640.00,1
2362,09:30:01,$ 3640.00,19
2363,09:30:01,$ 3640.00,1
2364,09:30:01,$ 3640.00,10
2365,09:30:01,$ 3640.00,1
2366,09:30:01,$ 3640.00,2
2367,09:30:01,$ 3640.00,1
2368,09:30:01,$ 3640.00,1
2369,09:30:01,$ 3640.00,1
2370,09:30:01,$ 3640.00,25
2371,09:30:01,$ 3640.00,1
2372,09:30:01,$ 3640.00,13
2374,09:30:01,$ 3640.00,2
2375,09:30:01,$ 3640.00,1
2376,09:30:01,$ 3640.00,1
2377,09:30:01,$ 3640.00,1
2378,09:30:01,$ 3640.00,1
2379,09:30:01,$ 3640.00,1
2380,09:30:01,$ 3640.00,3
2381,09:30:01,$ 3640.00,1
2382,09:30:01,$ 3640.00,5
2383,09:30:01,$ 3640.00,1
2384,09:30:01,$ 3640.00,3
2385,09:30:01,$ 3640.00,1
2386,09:30:01,$ 3640.00,1
2387,09:30:01,$ 3640.00,2
2388,09:30:01,$ 3640.00,1
2389,09:30:01,$ 3640.00,1
2390,09:30:01,$ 3640.00,1
2391,09:30:01,$ 3640.00,1
2392,09:30:01,$ 3640.00,2
2393,09:30:01,$ 3640.00,1
2395,09:30:01,$ 3640.00,1
2396,09:30:01,$ 3640.00,1
2397,09:30:01,$ 3640.00,1
2398,09:30:01,$ 3640.00,2
2399,09:30:01,$ 3640.00,2
2400,09:30:01,$ 3640.00,1
2401,09:30:01,$ 3640.00,3
2402,09:30:01,$ 3640.00,1
2403,09:30:01,$ 3640.00,1
2404,09:30:01,$ 3640.00,1
2405,09:30:01,$ 3640.00,3
2406,09:30:01,$ 3640.00,1
2407,09:30:01,$ 3640.00,1
2408,09:30:01,$ 3640.00,1
2409,09:30:01,$ 3640.00,2
2410,09:30:01,$ 3640.00,2
2411,09:30:01,$ 3640.00,1
2412,09:30:01,$ 3640.00,1
2413,09:30:01,$ 3640.00,3
2414,09:30:01,$ 3640.00,1
2416,09:30:01,$ 3640.00,1
2417,09:30:01,$ 3640.00,2
2418,09:30:01,$ 3640.00,1
2419,09:30:01,$ 3640.00,1
2420,09:30:01,$ 3640.00,2
2421,09:30:01,$ 3640.00,1
2422,09:30:01,$ 3640.00,1
2423,09:30:01,$ 3640.00,1
2424,09:30:01,$ 3640.00,1
2425,09:30:01,$ 3640.00,2
2426,09:30:01,$ 3640.00,1
2427,09:30:01,$ 3640.00,3
2428,09:30:01,$ 3640.00,1
2429,09:30:01,$ 3640.00,5
2430,09:30:01,$ 3640.00,2
2431,09:30:01,$ 3640.00,5
2432,09:30:01,$ 3640.00,1
2433,09:30:01,$ 3640.00,3
2434,09:30:01,$ 3640.00,3
2435,09:30:01,$ 3640.00,1
2437,09:30:01,$ 3640.00,1
2438,09:30:01,$ 3640.00,3
2439,09:30:01,$ 3640.00,3
2440,09:30:01,$ 3640.00,1
2441,09:30:01,$ 3640.00,3
2442,09:30:01,$ 3640.00,3
2443,09:30:01,$ 3640.00,2
2444,09:30:01,$ 3640.00,38
2445,09:30:01,$ 3640.00,21
2446,09:30:01,$ 3640.00,407
2447,09:30:01,$ 3640.00,2
2448,09:30:01,$ 3640.00,72
2449,09:30:01,$ 3640.00,2
2450,09:30:01,$ 3640.00,174
2451,09:30:01,$ 3640.00,94
2452,09:30:01,$ 3640.00,35
2453,09:30:01,$ 3640.00,94
2454,09:30:01,$ 3640.00,36
2455,09:30:01,$ 3640.00,8
2456,09:30:01,$ 3640.00,1
2458,09:30:01,$ 3640.00,1
2459,09:30:01,$ 3640.00,"1,500"
2460,09:30:01,$ 3640.00,8
2461,09:30:01,$ 3640.00,8
2462,09:30:01,$ 3640.00,5
2463,09:30:01,$ 3640.00,149
2464,09:30:01,$ 3640.00,4
2465,09:30:01,$ 3640.00,21
2466,09:30:01,$ 3640.00,1
2467,09:30:01,$ 3640.00,3
2468,09:30:01,$ 3640.00,7
2469,09:30:01,$ 3640.00,3
2470,09:30:01,$ 3640.00,4
2471,09:30:01,$ 3640.00,25
2472,09:30:01,$ 3640.00,3
2473,09:30:01,$ 3640.00,1
2474,09:30:01,$ 3640.00,3
2475,09:30:01,$ 3640.00,10
2476,09:30:01,$ 3640.00,14
2477,09:30:01,$ 3640.00,6
2479,09:30:01,$ 3640.00,18
2480,09:30:01,$ 3640.00,28
2481,09:30:01,$ 3640.00,19
2482,09:30:01,$ 3640.00,28
2483,09:30:01,$ 3640.00,19
2484,09:30:01,$ 3640.00,28
2485,09:30:01,$ 3640.00,21
2486,09:30:01,$ 3640.00,27
2487,09:30:01,$ 3640.00,1
2488,09:30:01,$ 3640.00,20
2489,09:30:01,$ 3640.00,1
2490,09:30:01,$ 3640.00,5
2491,09:30:01,$ 3640.00,1
2492,09:30:01,$ 3640.00,2
2493,09:30:01,$ 3640.00,1
2494,09:30:01,$ 3640.00,2
2495,09:30:01,$ 3640.00,10
2496,09:30:01,$ 3640.00,10
2497,09:30:01,$ 3640.00,2
2498,09:30:01,$ 3640.00,9
2500,09:30:01,$ 3640.00,1
2501,09:30:01,$ 3640.00,1
2502,09:30:01,$ 3640.00,10
2503,09:30:01,$ 3640.00,1
2504,09:30:01,$ 3640.00,75
2505,09:30:01,$ 3640.00,1
2506,09:30:01,$ 3640.00,4
2507,09:30:01,$ 3640.00,48
2508,09:30:01,$ 3640.00,24
2509,09:30:01,$ 3640.00,5
2510,09:30:01,$ 3640.00,10
2511,09:30:01,$ 3640.00,2
2512,09:30:01,$ 3640.00,5
2513,09:30:01,$ 3640.00,2
2514,09:30:01,$ 3640.00,7
2515,09:30:01,$ 3640.00,8
2516,09:30:01,$ 3640.00,22
2517,09:30:01,$ 3640.00,15
2518,09:30:01,$ 3640.00,9
2519,09:30:01,$ 3640.00,47
2521,09:30:01,$ 3640.00,6
2522,09:30:01,$ 3640.00,6
2523,09:30:01,$ 3640.00,2
2524,09:30:01,$ 3640.00,8
2525,09:30:01,$ 3640.00,3
2526,09:30:01,$ 3640.00,3
2527,09:30:01,$ 3640.00,10
2528,09:30:01,$ 3640.00,1
2529,09:30:01,$ 3640.00,3
2530,09:30:01,$ 3640.00,1
2531,09:30:01,$ 3640.00,100
2532,09:30:00,$ 3642.00,102
2533,09:30:00,$ 3643.00,107
2534,09:30:00,$ 3640.00,25
2535,09:30:00,$ 3640.00,7
2536,09:30:00,$ 3640.00,25
2537,09:30:00,$ 3640.00,10
2538,09:30:00,$ 3640.00,1
2539,09:30:00,$ 3640.00,10
2540,09:30:00,$ 3640.00,4
2542,09:30:00,$ 3640.00,1
2543,09:30:00,$ 3640.00,10
2544,09:30:00,$ 3640.00,1
2545,09:30:00,$ 3640.00,42
2547,10:29:55,$ 3652.88,120
2548,10:29:55,$ 3653.12,100
2549,10:29:55,$ 3653.19,100
2550,10:29:46,$ 3654.355,100
2551,10:29:44,$ 3655.34,100
2552,10:29:27,$ 3655.0905,100
2553,10:29:14,$ 3655.50,150
2554,10:29:06,$ 3654.25,100
2555,10:28:48,$ 3654.5267,120
2556,10:28:32,$ 3654.74,100
2557,10:27:51,$ 3652.65,472
2558,10:27:40,$ 3653.40,100
2559,10:26:59,$ 3653.5199,100
2560,10:26:59,$ 3653.5199,100
2561,10:26:40,$ 3651.2884,100
2562,10:26:33,$ 3651.581,200
2563,10:26:33,$ 3651.59,100
2564,10:26:32,$ 3651.41,100
2565,10:26:26,$ 3651.60,170
2566,10:26:15,$ 3650.68,100
2568,10:26:14,$ 3651.0101,100
2569,10:26:05,$ 3653.1435,130
2570,10:25:39,$ 3653.2417,300
2571,10:25:38,$ 3653.3801,100
2572,10:25:18,$ 3656.21,100
2573,10:25:18,$ 3656.19,100
2574,10:25:18,$ 3656.2621,273
2575,10:25:15,$ 3656.07,200
2576,10:25:10,$ 3656.06,170
2577,10:25:06,$ 3656.24,102
2578,10:25:05,$ 3655.80,100
2579,10:25:05,$ 3655.79,100
2580,10:25:05,$ 3655.73,100
2581,10:25:05,$ 3655.80,100
2582,10:25:05,$ 3655.80,100
2583,10:25:05,$ 3655.78,100
2584,10:25:05,$ 3655.80,100
2585,10:25:05,$ 3655.85,100
2586,10:25:03,$ 3655.54,185
2587,10:23:56,$ 3653.395,100
2589,10:23:56,$ 3653.80,100
2590,10:23:56,$ 3653.93,100
2591,10:23:56,$ 3653.97,100
2592,10:23:56,$ 3654.04,100
2593,10:23:33,$ 3653.00,100
2594,10:23:12,$ 3653.43,111
2595,10:23:12,$ 3653.43,100
2596,10:23:11,$ 3653.43,101
2597,10:23:09,$ 3651.82,250
2598,10:23:02,$ 3651.68,100
2599,10:22:44,$ 3651.75,100
2600,10:22:26,$ 3649.57,100
2601,10:22:05,$ 3653.0899,100
2602,10:22:04,$ 3651.4508,300
2603,10:22:00,$ 3647.92,200
2604,10:22:00,$ 3650.00,100
2605,10:22:00,$ 3650.39,100
2606,10:21:58,$ 3651.01,100
2607,10:21:58,$ 3651.00,100
2608,10:21:56,$ 3651.84,100
2610,10:21:52,$ 3651.28,100
2611,10:21:52,$ 3651.38,100
2612,10:21:46,$ 3651.38,100
2613,10:21:46,$ 3651.31,100
2614,10:21:38,$ 3651.65,100
2615,10:21:36,$ 3651.3101,100
2616,10:21:19,$ 3651.47,100
2617,10:21:18,$ 3652.40,100
2618,10:21:13,$ 3653.43,100
2619,10:21:12,$ 3653.43,100
2620,10:21:12,$ 3653.18,100
2621,10:21:10,$ 3653.2024,359
2622,10:20:53,$ 3654.8732,100
2623,10:20:44,$ 3653.84,100
2624,10:20:44,$ 3654.515,100
2625,10:20:42,$ 3653.47,100
2626,10:20:32,$ 3655.31,100
2627,10:20:23,$ 3655.11,144
2628,10:20:23,$ 3655.00,100
2629,10:20:17,$ 3653.99,100
2631,10:20:14,$ 3653.47,100
2632,10:20:14,$ 3653.47,100
2633,10:20:11,$ 3653.45,100
2634,10:20:09,$ 3652.6132,100
2635,10:20:05,$ 3653.32,100
2636,10:20:04,$ 3653.47,100
2637,10:20:04,$ 3653.45,100
2638,10:19:54,$ 3652.542,208
2639,10:19:51,$ 3652.46,104
2640,10:19:26,$ 3651.22,100
2641,10:19:26,$ 3651.86,100
2642,10:19:24,$ 3652.6907,100
2643,10:19:12,$ 3652.12,100
2644,10:19:03,$ 3652.595,100
2645,10:18:58,$ 3653.00,235
2646,10:18:58,$ 3653.06,100
2647,10:18:43,$ 3654.9999,100
2648,10:18:42,$ 3655.00,100
2649,10:18:41,$ 3653.50,100
2650,10:18:40,$ 3653.95,100
2652,10:18:33,$ 3655.0599,100
2653,10:18:33,$ 3654.7428,100
2654,10:18:32,$ 3653.1804,500
2655,10:18:31,$ 3655.25,100
2656,10:18:27,$ 3656.8799,100
2657,10:18:25,$ 3655.71,100
2658,10:18:23,$ 3656.00,100
2659,10:18:23,$ 3655.93,100
2660,10:18:23,$ 3655.31,100
2661,10:18:23,$ 3655.00,100
2662,10:18:23,$ 3655.00,100
2663,10:18:23,$ 3654.72,100
2664,10:18:23,$ 3655.00,400
2665,10:18:23,$ 3655.00,100
2666,10:18:23,$ 3655.00,100
2667,10:18:23,$ 3655.00,100
2668,10:18:22,$ 3654.48,100
2669,10:18:20,$ 3654.54,100
2670,10:18:20,$ 3653.995,100
2671,10:18:20,$ 3653.84,100
2673,10:18:18,$ 3654.40,100
2674,10:18:18,$ 3654.25,100
2675,10:18:17,$ 3653.4584,300
2676,10:18:17,$ 3653.91,100
2677,10:18:17,$ 3653.91,100
2678,10:18:16,$ 3653.9099,300
2679,10:18:03,$ 3652.81,100
2680,10:18:03,$ 3652.82,100
2681,10:18:00,$ 3652.00,780
2682,10:17:59,$ 3651.69,100
2683,10:17:59,$ 3651.38,100
2684,10:17:59,$ 3651.4975,100
2685,10:17:59,$ 3651.515,100
2686,10:17:59,$ 3651.4975,100
2687,10:17:56,$ 3652.29,100
2688,10:17:56,$ 3651.87,100
2689,10:17:56,$ 3651.80,200
2690,10:17:56,$ 3652.00,188
2691,10:17:56,$ 3652.00,100
2692,10:17:56,$ 3652.00,100
2694,10:17:54,$ 3651.29,200
2695,10:17:41,$ 3651.47,100
2696,10:17:36,$ 3651.53,300
2697,10:17:31,$ 3650.98,100
2698,10:17:28,$ 3650.36,100
2699,10:17:26,$ 3649.89,500
2700,10:17:22,$ 3649.41,100
2701,10:17:00,$ 3647.0001,100
2702,10:16:58,$ 3647.92,100
2703,10:16:58,$ 3646.87,100
2704,10:16:57,$ 3646.70,100
2705,10:16:57,$ 3648.19,100
2706,10:16:57,$ 3647.52,100
2707,10:16:57,$ 3648.12,100
2708,10:16:47,$ 3648.09,222
2709,10:16:46,$ 3649.91,100
2710,10:16:45,$ 3649.00,100
2711,10:16:34,$ 3649.60,100
2712,10:16:27,$ 3649.25,100
2713,10:16:27,$ 3649.25,100
2715,10:16:27,$ 3649.25,100
2716,10:16:26,$ 3649.72,100
2717,10:16:26,$ 3650.02,100
2718,10:16:26,$ 3650.02,100
2719,10:16:23,$ 3648.66,100
2720,10:16:19,$ 3648.115,100
2721,10:15:42,$ 3648.035,100
2722,10:15:39,$ 3649.03,100
2723,10:15:38,$ 3649.40,100
2724,10:15:31,$ 3651.235,400
2725,10:15:31,$ 3651.459,151
2726,10:15:31,$ 3650.75,200
2727,10:15:26,$ 3650.42,100
2728,10:15:26,$ 3650.43,100
2729,10:15:26,$ 3650.40,100
2730,10:15:26,$ 3650.43,100
2731,10:15:26,$ 3650.33,100
2732,10:15:25,$ 3649.94,100
2733,10:15:23,$ 3649.79,100
2734,10:15:18,$ 3650.02,100
2736,10:15:16,$ 3650.55,100
2737,10:15:12,$ 3649.8719,189
2738,10:15:10,$ 3649.49,100
2739,10:15:09,$ 3649.49,100
2740,10:15:08,$ 3649.67,100
2741,10:14:58,$ 3649.00,100
2742,10:14:48,$ 3648.06,100
2743,10:14:45,$ 3648.01,100
2744,10:14:39,$ 3648.00,399
2745,10:14:39,$ 3648.00,100
2746,10:14:39,$ 3648.00,100
2747,10:14:29,$ 3647.50,110
2748,10:14:26,$ 3647.92,100
2749,10:14:25,$ 3647.295,100
2750,10:14:11,$ 3648.92,100
2751,10:14:08,$ 3648.50,100
2752,10:14:06,$ 3646.60,100
2753,10:14:02,$ 3647.37,100
2754,10:14:02,$ 3647.51,100
2755,10:14:01,$ 3646.71,100
2757,10:14:01,$ 3646.73,100
2758,10:13:37,$ 3645.37,100
2759,10:13:35,$ 3644.995,100
2760,10:13:02,$ 3643.9612,100
2761,10:12:54,$ 3644.71,100
2762,10:12:42,$ 3644.00,100
2763,10:12:25,$ 3644.51,100
2764,10:11:51,$ 3642.22,100
2765,10:11:43,$ 3641.00,200
2766,10:11:35,$ 3642.00,346
2767,10:11:35,$ 3642.00,177
2768,10:11:34,$ 3642.73,140
2769,10:11:33,$ 3641.72,100
2770,10:11:33,$ 3641.72,200
2771,10:11:33,$ 3641.72,200
2772,10:11:30,$ 3641.24,100
2773,10:11:30,$ 3641.22,100
2774,10:11:14,$ 3642.75,108
2775,10:11:14,$ 3642.75,116
2776,10:11:14,$ 3643.00,257
2778,10:11:14,$ 3643.00,637
2779,10:11:07,$ 3643.06,100
2780,10:11:02,$ 3642.00,200
2781,10:10:55,$ 3643.00,100
2782,10:10:44,$ 3641.00,245
2783,10:10:38,$ 3641.15,200
2784,10:10:28,$ 3640.17,110
2785,10:10:25,$ 3642.00,286
2786,10:10:25,$ 3642.00,278
2787,10:10:15,$ 3642.02,100
2788,10:09:56,$ 3645.56,100
2789,10:09:55,$ 3643.42,100
2790,10:09:46,$ 3642.13,100
2791,10:09:41,$ 3642.02,100
2792,10:09:33,$ 3641.43,100
2793,10:09:33,$ 3641.28,100
2794,10:09:05,$ 3642.015,100
2795,10:09:05,$ 3641.185,500
2796,10:09:02,$ 3640.7067,100
2797,10:08:51,$ 3642.11,100
2799,10:08:51,$ 3642.15,100
2800,10:08:51,$ 3642.16,139
2801,10:08:51,$ 3642.00,100
2802,10:08:50,$ 3641.63,200
2803,10:08:46,$ 3641.53,100
2804,10:08:41,$ 3641.52,100
2805,10:08:36,$ 3641.67,100
2806,10:08:35,$ 3641.575,100
2807,10:08:35,$ 3641.525,100
2808,10:08:35,$ 3641.06,100
2809,10:08:35,$ 3642.47,100
2810,10:08:35,$ 3642.47,700
2811,10:08:32,$ 3643.50,100
2812,10:08:32,$ 3643.12,100
2813,10:08:20,$ 3645.00,102
2814,10:08:20,$ 3645.00,100
2815,10:08:20,$ 3645.00,102
2816,10:08:07,$ 3644.00,100
2817,10:07:39,$ 3644.24,100
2818,10:07:17,$ 3645.755,100
2820,10:07:16,$ 3644.89,100
2821,10:07:05,$ 3645.73,200
2822,10:06:59,$ 3645.46,100
2823,10:06:59,$ 3645.53,100
2824,10:06:57,$ 3645.00,100
2825,10:06:57,$ 3645.28,100
2826,10:06:35,$ 3647.06,100
2827,10:06:30,$ 3648.7175,750
2828,10:06:04,$ 3648.97,100
2829,10:06:04,$ 3649.22,100
2830,10:06:02,$ 3649.98,100
2831,10:06:01,$ 3649.05,100
2832,10:05:58,$ 3649.7885,200
2833,10:05:53,$ 3647.88,100
2834,10:05:53,$ 3647.92,100
2835,10:05:53,$ 3647.92,100
2836,10:05:53,$ 3647.94,100
2837,10:05:44,$ 3646.02,200
2838,10:05:41,$ 3646.76,100
2839,10:05:38,$ 3647.00,100
2841,10:05:35,$ 3645.13,100
2842,10:05:28,$ 3646.07,100
2843,10:05:26,$ 3646.63,100
2844,10:05:26,$ 3646.97,100
2845,10:05:26,$ 3646.98,100
2846,10:05:26,$ 3646.63,200
2847,10:05:23,$ 3645.64,100
2848,10:05:17,$ 3645.8502,200
2849,10:05:14,$ 3645.855,100
2850,10:05:10,$ 3647.16,100
2851,10:05:10,$ 3647.30,200
2852,10:05:10,$ 3647.66,100
2853,10:05:10,$ 3647.66,100
2854,10:05:01,$ 3649.65,150
2855,10:05:01,$ 3649.66,100
2856,10:05:01,$ 3649.0189,400
2857,10:04:56,$ 3649.6499,100
2858,10:04:52,$ 3649.95,100
2859,10:04:52,$ 3649.91,100
2860,10:04:51,$ 3650.8899,500
2862,10:04:46,$ 3650.85,102
2863,10:04:46,$ 3650.525,200
2864,10:04:45,$ 3650.22,100
2865,10:04:44,$ 3650.81,100
2866,10:04:42,$ 3650.92,100
2867,10:04:41,$ 3650.114,100
2868,10:04:41,$ 3650.5441,200
2869,10:04:40,$ 3650.89,100
2870,10:04:40,$ 3650.58,200
2871,10:04:37,$ 3650.80,588
2872,10:04:35,$ 3650.185,100
2873,10:04:35,$ 3650.00,500
2874,10:04:35,$ 3650.00,158
2875,10:04:35,$ 3650.00,138
2876,10:04:35,$ 3650.00,100
2877,10:04:35,$ 3650.00,100
2878,10:04:35,$ 3650.00,100
2879,10:04:33,$ 3649.35,200
2880,10:04:33,$ 3649.35,100
2881,10:04:26,$ 3649.69,360
2883,10:04:26,$ 3649.69,360
2884,10:04:26,$ 3648.91,800
2885,10:04:24,$ 3648.50,100
2886,10:04:24,$ 3648.11,200
2887,10:04:22,$ 3648.00,624
2888,10:04:22,$ 3647.99,400
2889,10:04:18,$ 3648.48,111
2890,10:04:18,$ 3648.48,100
2891,10:04:18,$ 3648.19,100
2892,10:04:18,$ 3647.63,100
2893,10:04:16,$ 3647.49,100
2894,10:04:15,$ 3647.00,400
2895,10:04:13,$ 3646.29,100
2896,10:04:11,$ 3645.00,106
2897,10:03:53,$ 3644.19,100
2898,10:03:52,$ 3645.2499,800
2899,10:03:52,$ 3644.6826,300
2900,10:03:36,$ 3643.0001,100
2901,10:03:20,$ 3647.055,100
2902,10:03:11,$ 3647.9899,100
2904,10:03:05,$ 3648.00,112
2905,10:03:02,$ 3646.54,200
2906,10:02:57,$ 3648.00,400
2907,10:02:57,$ 3648.00,100
2908,10:02:45,$ 3646.65,100
2909,10:02:43,$ 3646.61,100
2910,10:02:11,$ 3643.1829,164
2911,10:02:10,$ 3644.89,100
2912,10:01:55,$ 3647.26,100
2913,10:01:53,$ 3647.6078,100
2914,10:01:53,$ 3647.53,149
2915,10:01:40,$ 3647.17,100
2916,10:01:28,$ 3648.021,422
2917,10:01:27,$ 3647.05,100
2918,10:01:22,$ 3649.50,300
2919,10:01:18,$ 3649.50,100
2920,10:01:16,$ 3649.895,100
2921,10:01:12,$ 3648.83,116
2922,10:01:09,$ 3648.71,100
2923,10:01:09,$ 3648.7165,100
2925,10:01:07,$ 3647.44,125
2926,10:01:07,$ 3648.00,400
2927,10:01:07,$ 3648.00,100
2928,10:01:07,$ 3647.69,200
2929,10:01:05,$ 3645.82,113
2930,10:01:01,$ 3644.735,100
2931,10:01:00,$ 3644.32,100
2932,10:00:57,$ 3644.93,100
2933,10:00:57,$ 3644.945,100
2934,10:00:56,$ 3643.66,100
2935,10:00:56,$ 3643.66,234
2936,10:00:54,$ 3644.50,100
2937,10:00:42,$ 3642.155,116
2938,10:00:39,$ 3641.70,100
2939,10:00:39,$ 3642.65,100
2940,10:00:39,$ 3642.65,100
2941,10:00:39,$ 3641.66,100
2942,10:00:36,$ 3639.93,157
2943,10:00:36,$ 3640.925,100
2944,10:00:24,$ 3640.39,100
2946,10:00:24,$ 3640.06,100
2947,10:00:23,$ 3641.41,200
2948,10:00:09,$ 3639.4097,422
2949,10:00:01,$ 3640.50,300
2951,10:59:54,$ 3650.4715,144
2952,10:59:41,$ 3650.15,100
2953,10:59:41,$ 3650.05,116
2954,10:59:41,$ 3650.13,100
2955,10:59:35,$ 3650.31,100
2956,10:59:31,$ 3650.99,100
2957,10:59:31,$ 3651.01,100
2958,10:59:31,$ 3651.09,100
2959,10:59:05,$ 3650.99,210
2960,10:59:05,$ 3650.9941,262
2961,10:59:05,$ 3651.118,210
2962,10:59:01,$ 3650.285,100
2963,10:59:01,$ 3650.385,100
2964,10:58:57,$ 3650.9429,100
2965,10:58:57,$ 3651.05,100
2966,10:58:54,$ 3651.13,100
2967,10:58:37,$ 3651.32,100
2968,10:58:36,$ 3650.63,100
2969,10:58:36,$ 3650.58,100
2970,10:58:34,$ 3651.482,100
2972,10:58:33,$ 3650.63,100
2973,10:58:22,$ 3649.41,100
2974,10:58:18,$ 3649.9158,314
2975,10:58:14,$ 3650.00,134
2976,10:57:16,$ 3652.15,100
2977,10:56:58,$ 3652.25,100
2978,10:56:39,$ 3651.10,100
2979,10:56:25,$ 3651.34,100
2980,10:56:09,$ 3652.1215,100
2981,10:56:06,$ 3651.39,100
2982,10:55:42,$ 3651.97,100
2983,10:55:15,$ 3651.90,100
2984,10:55:10,$ 3651.495,139
2985,10:55:05,$ 3652.12,100
2986,10:55:05,$ 3652.30,113
2987,10:54:57,$ 3651.26,100
2988,10:54:46,$ 3651.38,100
2989,10:54:46,$ 3651.44,100
2990,10:54:17,$ 3650.85,100
2991,10:54:15,$ 3650.525,100
2993,10:53:23,$ 3650.80,100
2994,10:53:23,$ 3650.81,200
2995,10:53:00,$ 3651.50,100
2996,10:52:59,$ 3652.48,"1,200"
2997,10:52:57,$ 3652.30,100
2998,10:52:57,$ 3652.31,100
2999,10:52:56,$ 3653.7599,500
3000,10:52:55,$ 3652.70,100
3001,10:52:55,$ 3652.46,100
3002,10:52:55,$ 3652.47,100
3003,10:52:55,$ 3652.48,100
3004,10:52:45,$ 3652.12,100
3005,10:52:43,$ 3651.52,100
3006,10:52:43,$ 3651.34,100
3007,10:52:40,$ 3651.67,100
3008,10:52:30,$ 3651.98,100
3009,10:52:12,$ 3651.115,100
3010,10:51:50,$ 3650.2401,100
3011,10:51:35,$ 3650.79,100
3012,10:50:40,$ 3649.93,100
3014,10:50:31,$ 3650.35,100
3015,10:50:23,$ 3648.38,100
3016,10:50:23,$ 3649.25,100
3017,10:50:22,$ 3648.375,100
3018,10:50:17,$ 3647.5101,100
3019,10:50:11,$ 3648.2736,100
3020,10:50:09,$ 3649.56,100
3021,10:49:22,$ 3650.32,100
3022,10:49:17,$ 3651.6267,200
3023,10:49:15,$ 3651.75,100
3024,10:49:15,$ 3651.89,100
3025,10:49:11,$ 3652.18,100
3026,10:49:00,$ 3651.65,100
3027,10:49:00,$ 3651.54,100
3028,10:49:00,$ 3652.09,100
3029,10:48:59,$ 3652.2166,100
3030,10:48:40,$ 3649.98,100
3031,10:48:24,$ 3650.79,100
3032,10:48:23,$ 3649.90,150
3033,10:48:07,$ 3649.825,100
3035,10:48:00,$ 3650.92,100
3036,10:48:00,$ 3651.57,100
3037,10:47:38,$ 3650.2477,100
3038,10:47:35,$ 3649.63,100
3039,10:47:20,$ 3649.675,100
3040,10:46:51,$ 3648.005,100
3041,10:46:45,$ 3647.08,100
3042,10:46:45,$ 3647.07,100
3043,10:46:43,$ 3647.535,"2,000"
3044,10:46:39,$ 3647.535,100
3045,10:46:32,$ 3647.08,100
3046,10:46:17,$ 3647.45,100
3047,10:46:17,$ 3647.15,100
3048,10:46:17,$ 3647.09,100
3049,10:46:17,$ 3647.09,100
3050,10:46:16,$ 3647.11,100
3051,10:46:16,$ 3647.10,100
3052,10:46:15,$ 3647.15,100
3053,10:46:14,$ 3647.325,100
3054,10:46:14,$ 3647.16,116
3056,10:46:05,$ 3647.8791,100
3057,10:46:04,$ 3648.09,100
3058,10:45:53,$ 3649.385,100
3059,10:45:50,$ 3648.56,100
3060,10:45:26,$ 3649.105,100
3061,10:45:24,$ 3648.49,100
3062,10:45:24,$ 3648.63,100
3063,10:45:22,$ 3648.61,100
3064,10:45:14,$ 3648.52,100
3065,10:45:14,$ 3648.29,100
3066,10:45:12,$ 3647.65,100
3067,10:45:12,$ 3647.64,222
3068,10:45:07,$ 3650.03,130
3069,10:45:06,$ 3649.77,100
3070,10:44:42,$ 3651.05,100
3071,10:44:42,$ 3650.58,100
3072,10:44:30,$ 3651.16,100
3073,10:44:29,$ 3651.16,100
3074,10:44:27,$ 3651.00,118
3075,10:44:27,$ 3650.41,100
3077,10:44:27,$ 3650.45,100
3078,10:44:23,$ 3649.425,100
3079,10:44:15,$ 3649.425,"1,000"
3080,10:44:13,$ 3649.2815,188
3081,10:44:08,$ 3650.36,100
3082,10:44:01,$ 3649.6402,100
3083,10:43:56,$ 3649.38,100
3084,10:43:55,$ 3649.30,162
3085,10:43:55,$ 3649.30,100
3086,10:43:55,$ 3649.30,100
3087,10:43:55,$ 3649.30,100
3088,10:43:55,$ 3649.30,100
3089,10:43:54,$ 3649.30,162
3090,10:43:53,$ 3649.30,100
3091,10:43:46,$ 3648.85,100
3092,10:43:42,$ 3648.78,100
3093,10:43:41,$ 3649.205,100
3094,10:43:32,$ 3648.35,100
3095,10:43:32,$ 3649.01,100
3096,10:43:17,$ 3650.9215,220
3098,10:43:17,$ 3650.00,220
3099,10:43:12,$ 3649.22,100
3100,10:43:11,$ 3650.05,100
3101,10:43:08,$ 3650.06,100
3102,10:42:51,$ 3651.645,100
3103,10:42:48,$ 3651.6289,300
3104,10:42:48,$ 3651.35,100
3105,10:42:27,$ 3651.95,100
3106,10:42:27,$ 3652.12,100
3107,10:42:27,$ 3652.05,116
3108,10:42:27,$ 3651.95,100
3109,10:42:23,$ 3651.005,100
3110,10:41:50,$ 3649.1276,100
3111,10:41:48,$ 3649.53,100
3112,10:41:39,$ 3651.61,100
3113,10:41:19,$ 3653.92,100
3114,10:41:19,$ 3653.90,100
3115,10:41:16,$ 3653.67,560
3116,10:41:16,$ 3653.92,100
3117,10:41:16,$ 3653.67,138
3119,10:41:16,$ 3653.92,100
3120,10:41:16,$ 3653.82,100
3121,10:41:16,$ 3653.56,100
3122,10:41:00,$ 3652.95,100
3123,10:40:58,$ 3653.00,820
3124,10:40:45,$ 3653.82,100
3125,10:40:38,$ 3653.00,295
3126,10:40:28,$ 3653.64,100
3127,10:40:06,$ 3654.405,100
3128,10:39:51,$ 3653.6281,100
3129,10:39:40,$ 3654.29,100
3130,10:39:37,$ 3654.015,100
3131,10:39:36,$ 3654.77,100
3132,10:38:59,$ 3657.89,300
3133,10:38:59,$ 3657.19,100
3134,10:38:54,$ 3656.4439,100
3135,10:38:50,$ 3656.50,137
3136,10:38:50,$ 3656.00,100
3137,10:38:23,$ 3655.26,100
3138,10:38:04,$ 3653.93,100
3140,10:37:25,$ 3651.50,100
3141,10:37:06,$ 3652.27,264
3142,10:37:02,$ 3650.975,100
3143,10:37:02,$ 3650.975,100
3144,10:37:02,$ 3650.975,100
3145,10:37:02,$ 3650.975,100
3146,10:36:52,$ 3652.11,100
3147,10:36:52,$ 3651.065,100
3148,10:36:50,$ 3651.13,100
3149,10:36:50,$ 3650.03,150
3150,10:36:46,$ 3651.3268,100
3151,10:36:42,$ 3650.0001,100
3152,10:35:27,$ 3649.7201,500
3153,10:35:08,$ 3651.0069,100
3154,10:34:42,$ 3650.00,164
3155,10:34:36,$ 3649.515,100
3156,10:34:34,$ 3649.57,100
3157,10:34:28,$ 3652.60,100
3158,10:34:26,$ 3652.72,100
3159,10:33:54,$ 3654.4101,500
3161,10:33:40,$ 3654.55,100
3162,10:33:21,$ 3654.7201,100
3163,10:33:08,$ 3656.80,100
3164,10:32:57,$ 3656.46,100
3165,10:32:57,$ 3656.50,100
3166,10:32:57,$ 3656.53,200
3167,10:32:45,$ 3655.39,100
3168,10:32:37,$ 3655.31,100
3169,10:32:34,$ 3655.98,182
3170,10:32:32,$ 3655.50,100
3171,10:32:10,$ 3655.205,100
3172,10:32:09,$ 3655.12,100
3173,10:32:00,$ 3654.02,100
3174,10:32:00,$ 3654.00,100
3175,10:31:55,$ 3655.14,200
3176,10:31:46,$ 3655.15,100
3177,10:31:44,$ 3655.12,100
3178,10:31:43,$ 3654.72,100
3179,10:31:43,$ 3654.65,100
3180,10:31:29,$ 3654.56,150
3182,10:31:16,$ 3655.12,286
3183,10:31:16,$ 3655.11,100
3184,10:31:13,$ 3655.11,100
3185,10:31:12,$ 3654.88,100
3186,10:31:11,$ 3655.17,100
3187,10:31:10,$ 3655.17,100
3188,10:31:01,$ 3655.81,100
3189,10:30:48,$ 3653.965,100
3191,11:29:27,$ 3645.6131,211
3192,11:28:35,$ 3645.31,200
3193,11:28:24,$ 3645.00,100
3194,11:27:24,$ 3648.65,100
3195,11:27:03,$ 3649.95,100
3196,11:25:53,$ 3649.945,100
3197,11:25:09,$ 3648.5401,100
3198,11:25:06,$ 3650.01,200
3199,11:25:04,$ 3650.00,"1,899"
3200,11:25:04,$ 3650.00,100
3201,11:25:04,$ 3649.98,100
3202,11:24:53,$ 3649.3865,186
3203,11:24:26,$ 3647.27,200
3204,11:23:52,$ 3647.045,200
3205,11:23:51,$ 3647.0437,800
3206,11:23:46,$ 3647.2136,182
3207,11:22:50,$ 3646.26,100
3208,11:22:36,$ 3645.42,100
3209,11:22:36,$ 3645.42,100
3210,11:22:31,$ 3645.70,100
3212,11:22:20,$ 3645.41,100
3213,11:22:20,$ 3645.29,100
3214,11:22:20,$ 3645.28,108
3215,11:21:54,$ 3646.2301,100
3216,11:21:19,$ 3647.32,100
3217,11:21:03,$ 3646.83,100
3218,11:21:01,$ 3646.805,100
3219,11:20:50,$ 3646.57,100
3220,11:20:50,$ 3646.20,100
3221,11:20:50,$ 3646.34,100
3222,11:20:21,$ 3647.18,100
3223,11:20:21,$ 3647.21,100
3224,11:19:47,$ 3647.41,110
3225,11:19:47,$ 3647.45,359
3226,11:19:47,$ 3647.59,100
3227,11:19:46,$ 3647.91,110
3228,11:19:46,$ 3648.319,100
3229,11:19:46,$ 3647.84,100
3230,11:19:46,$ 3648.50,100
3231,11:19:46,$ 3649.424,100
3233,11:19:46,$ 3649.19,100
3234,11:19:42,$ 3649.44,100
3235,11:19:42,$ 3649.44,100
3236,11:19:38,$ 3650.185,100
3237,11:19:20,$ 3650.60,100
3238,11:19:20,$ 3650.49,100
3239,11:19:11,$ 3650.08,100
3240,11:19:11,$ 3650.115,100
3241,11:19:09,$ 3650.02,100
3242,11:18:56,$ 3650.15,100
3243,11:18:56,$ 3650.46,100
3244,11:18:56,$ 3650.46,100
3245,11:18:56,$ 3650.46,100
3246,11:18:56,$ 3650.28,100
3247,11:18:54,$ 3651.275,100
3248,11:18:54,$ 3651.524,100
3249,11:18:46,$ 3651.085,100
3250,11:18:42,$ 3651.175,"1,000"
3251,11:18:39,$ 3651.36,172
3252,11:18:39,$ 3651.36,100
3254,11:18:39,$ 3651.36,194
3255,11:18:39,$ 3651.20,100
3256,11:18:39,$ 3651.16,100
3257,11:18:39,$ 3651.21,100
3258,11:18:33,$ 3651.93,113
3259,11:18:33,$ 3651.93,102
3260,11:18:30,$ 3651.56,100
3261,11:18:30,$ 3651.56,100
3262,11:18:30,$ 3651.56,100
3263,11:18:28,$ 3651.00,"1,000"
3264,11:18:28,$ 3651.215,100
3265,11:18:28,$ 3651.3625,100
3266,11:18:28,$ 3651.05,100
3267,11:18:27,$ 3651.09,100
3268,11:18:27,$ 3651.14,100
3269,11:18:27,$ 3651.26,100
3270,11:18:26,$ 3651.26,100
3271,11:18:26,$ 3651.24,100
3272,11:18:26,$ 3651.26,100
3273,11:18:26,$ 3651.32,100
3275,11:18:26,$ 3651.14,100
3276,11:18:26,$ 3651.14,100
3277,11:18:24,$ 3650.95,100
3278,11:18:24,$ 3651.14,100
3279,11:18:22,$ 3651.06,100
3280,11:18:10,$ 3651.4023,150
3281,11:18:03,$ 3651.20,100
3282,11:18:01,$ 3650.52,100
3283,11:18:01,$ 3650.52,250
3284,11:18:01,$ 3650.71,100
3285,11:18:01,$ 3650.82,499
3286,11:18:01,$ 3650.71,100
3287,11:18:00,$ 3650.71,100
3288,11:17:59,$ 3650.72,300
3289,11:17:43,$ 3650.54,200
3290,11:17:39,$ 3649.955,100
3291,11:17:39,$ 3649.955,100
3292,11:17:38,$ 3649.98,100
3293,11:17:38,$ 3650.00,100
3294,11:17:38,$ 3650.00,100
3296,11:17:38,$ 3650.00,200
3297,11:17:23,$ 3649.35,100
3298,11:17:20,$ 3649.97,100
3299,11:17:19,$ 3649.97,100
3300,11:17:10,$ 3648.74,200
3301,11:16:56,$ 3648.6155,100
3302,11:16:53,$ 3649.32,100
3303,11:16:49,$ 3648.64,100
3304,11:16:42,$ 3648.00,300
3305,11:16:14,$ 3649.12,100
3306,11:16:05,$ 3648.8546,100
3307,11:15:46,$ 3648.81,"1,000"
3308,11:15:44,$ 3648.83,100
3309,11:15:42,$ 3648.42,100
3310,11:15:01,$ 3646.7084,200
3311,11:14:25,$ 3646.845,100
3312,11:14:14,$ 3647.57,100
3313,11:14:14,$ 3647.58,100
3314,11:14:01,$ 3646.0001,100
3315,11:13:52,$ 3646.65,100
3317,11:13:52,$ 3646.02,100
3318,11:13:52,$ 3646.20,100
3319,11:13:52,$ 3646.72,100
3320,11:13:46,$ 3646.98,200
3321,11:13:15,$ 3645.84,100
3322,11:13:05,$ 3645.65,100
3323,11:13:03,$ 3646.67,100
3324,11:13:03,$ 3646.67,100
3325,11:12:50,$ 3646.2099,100
3326,11:12:31,$ 3643.9501,250
3327,11:12:00,$ 3644.80,100
3328,11:11:43,$ 3644.04,100
3329,11:11:42,$ 3643.86,116
3330,11:11:42,$ 3643.86,108
3331,11:11:42,$ 3643.86,100
3332,11:11:42,$ 3643.86,116
3333,11:11:42,$ 3643.86,113
3334,11:11:36,$ 3644.094,100
3335,11:11:01,$ 3644.1704,100
3336,11:10:52,$ 3644.21,100
3338,11:10:46,$ 3643.90,121
3339,11:10:35,$ 3644.465,100
3340,11:10:35,$ 3644.255,100
3341,11:10:35,$ 3644.255,600
3342,11:10:35,$ 3643.8004,100
3343,11:10:35,$ 3644.15,100
3344,11:10:35,$ 3644.73,100
3345,11:10:35,$ 3644.73,100
3346,11:10:35,$ 3644.73,100
3347,11:10:33,$ 3645.185,100
3348,11:10:13,$ 3645.407,245
3349,11:10:08,$ 3644.84,100
3350,11:09:56,$ 3644.3075,100
3351,11:09:55,$ 3643.8632,200
3352,11:09:53,$ 3644.23,200
3353,11:09:52,$ 3644.41,100
3354,11:09:52,$ 3644.41,100
3355,11:09:52,$ 3644.41,100
3356,11:09:52,$ 3644.34,100
3357,11:09:52,$ 3644.72,200
3359,11:09:34,$ 3645.68,325
3360,11:08:45,$ 3647.0965,170
3361,11:08:42,$ 3645.70,100
3362,11:08:41,$ 3645.97,100
3363,11:08:39,$ 3645.74,100
3364,11:08:20,$ 3644.848,200
3365,11:08:04,$ 3645.1599,"1,000"
3366,11:08:01,$ 3644.233,335
3367,11:08:01,$ 3644.233,100
3368,11:08:01,$ 3644.09,100
3369,11:08:00,$ 3644.98,100
3370,11:08:00,$ 3644.60,100
3371,11:08:00,$ 3643.3101,100
3372,11:08:00,$ 3643.7017,200
3373,11:08:00,$ 3645.05,100
3374,11:07:58,$ 3646.00,100
3375,11:07:20,$ 3646.47,100
3376,11:07:15,$ 3646.87,100
3377,11:07:15,$ 3646.83,100
3378,11:07:12,$ 3647.75,100
3380,11:07:12,$ 3647.77,100
3381,11:07:12,$ 3647.73,100
3382,11:07:12,$ 3647.77,100
3383,11:07:12,$ 3647.91,100
3384,11:07:12,$ 3647.73,100
3385,11:07:12,$ 3647.75,100
3386,11:07:11,$ 3647.5691,200
3387,11:06:55,$ 3646.65,100
3388,11:06:48,$ 3646.63,100
3389,11:06:48,$ 3646.624,100
3390,11:06:48,$ 3646.77,100
3391,11:06:47,$ 3647.56,100
3392,11:06:45,$ 3648.20,100
3393,11:06:43,$ 3647.65,100
3394,11:06:43,$ 3647.93,201
3395,11:06:11,$ 3648.0008,100
3396,11:06:11,$ 3648.25,100
3397,11:06:06,$ 3649.03,100
3398,11:06:06,$ 3649.02,100
3399,11:06:00,$ 3649.03,100
3401,11:05:50,$ 3649.02,100
3402,11:05:50,$ 3649.33,135
3403,11:05:50,$ 3649.17,112
3404,11:05:50,$ 3649.37,100
3405,11:05:20,$ 3649.72,100
3406,11:04:41,$ 3650.485,100
3407,11:04:21,$ 3650.545,100
3408,11:03:41,$ 3651.11,100
3409,11:03:11,$ 3649.62,100
3410,11:03:11,$ 3649.62,100
3411,11:03:11,$ 3649.65,100
3412,11:03:10,$ 3650.02,100
3413,11:03:10,$ 3650.00,302
3414,11:02:49,$ 3650.1558,193
3415,11:02:28,$ 3650.08,100
3416,11:02:26,$ 3650.50,100
3417,11:02:18,$ 3650.6359,100
3418,11:02:11,$ 3650.60,100
3419,11:02:11,$ 3650.60,100
3420,11:02:11,$ 3651.36,100
3422,11:02:11,$ 3651.36,100
3423,11:02:01,$ 3651.17,100
3424,11:02:01,$ 3650.575,100
3425,11:02:01,$ 3650.575,100
3426,11:01:52,$ 3650.835,100
3427,11:01:50,$ 3650.595,100
3428,11:01:50,$ 3650.595,100
3429,11:01:40,$ 3650.615,400
3430,11:01:35,$ 3651.36,100
3431,11:01:28,$ 3651.12,100
3432,11:01:28,$ 3651.14,100
3433,11:01:08,$ 3650.01,279
3434,11:01:08,$ 3650.14,100
3435,11:01:08,$ 3651.07,100
3436,11:01:02,$ 3650.10,100
3437,11:01:01,$ 3650.595,100
3438,11:00:40,$ 3651.08,100
3439,11:00:30,$ 3651.50,100
3440,11:00:30,$ 3651.42,100
3441,11:00:14,$ 3650.97,100
3443,11:00:14,$ 3650.97,100
3444,11:00:14,$ 3650.97,100
3445,11:00:14,$ 3650.95,100
3446,11:00:14,$ 3650.98,100
3447,11:00:14,$ 3650.98,100
3448,11:00:14,$ 3650.98,100
3449,11:00:14,$ 3650.97,100
3450,11:00:14,$ 3650.98,100
3451,11:00:14,$ 3650.97,100
3452,11:00:06,$ 3650.14,100
3453,11:00:04,$ 3650.18,100
3454,11:00:01,$ 3650.59,100
3455,11:00:01,$ 3650.86,100
3456,11:00:01,$ 3651.6075,100
3457,11:00:01,$ 3651.16,100
3458,11:00:01,$ 3650.92,100
3460,11:59:21,$ 3647.76,170
3461,11:59:13,$ 3647.32,100
3462,11:58:36,$ 3648.9099,100
3463,11:58:30,$ 3648.01,100
3464,11:58:27,$ 3647.995,100
3465,11:57:45,$ 3648.375,100
3466,11:57:30,$ 3647.995,100
3467,11:57:30,$ 3648.00,400
3468,11:56:35,$ 3649.195,100
3469,11:56:32,$ 3650.00,119
3470,11:56:32,$ 3649.84,100
3471,11:56:24,$ 3649.23,100
3472,11:56:00,$ 3648.51,100
3473,11:55:59,$ 3648.51,100
3474,11:55:59,$ 3648.51,100
3475,11:55:41,$ 3647.68,100
3476,11:55:41,$ 3647.66,100
3477,11:55:41,$ 3648.63,100
3478,11:55:19,$ 3646.84,102
3479,11:54:53,$ 3646.47,100
3481,11:53:21,$ 3647.72,100
3482,11:52:58,$ 3648.32,100
3483,11:52:44,$ 3647.34,120
3484,11:52:44,$ 3647.63,100
3485,11:52:31,$ 3648.00,100
3486,11:52:31,$ 3648.42,100
3487,11:52:25,$ 3648.86,100
3488,11:51:57,$ 3650.25,100
3489,11:51:49,$ 3649.38,100
3490,11:51:48,$ 3649.03,100
3491,11:51:48,$ 3649.01,100
3492,11:51:47,$ 3649.70,122
3493,11:50:35,$ 3650.00,100
3494,11:49:55,$ 3650.00,400
3495,11:49:02,$ 3650.07,100
3496,11:48:52,$ 3649.69,270
3497,11:48:52,$ 3649.58,100
3498,11:48:48,$ 3648.985,100
3499,11:48:48,$ 3648.985,100
3500,11:48:40,$ 3649.1856,207
3502,11:48:32,$ 3648.4508,190
3503,11:48:23,$ 3649.43,100
3504,11:48:05,$ 3648.76,100
3505,11:47:59,$ 3649.845,100
3506,11:47:59,$ 3648.955,100
3507,11:47:59,$ 3648.905,100
3508,11:47:59,$ 3648.91,100
3509,11:47:59,$ 3648.90,100
3510,11:47:59,$ 3649.50,100
3511,11:47:59,$ 3649.02,100
3512,11:47:40,$ 3647.895,100
3513,11:47:40,$ 3648.03,100
3514,11:47:34,$ 3648.55,100
3515,11:47:29,$ 3648.855,100
3516,11:47:25,$ 3649.2349,274
3517,11:47:25,$ 3649.07,177
3518,11:47:25,$ 3649.07,300
3519,11:46:28,$ 3647.94,100
3520,11:46:28,$ 3648.09,100
3521,11:46:04,$ 3647.03,100
3523,11:46:00,$ 3647.92,100
3524,11:46:00,$ 3647.67,100
3525,11:45:37,$ 3647.01,100
3526,11:45:34,$ 3647.01,194
3527,11:45:21,$ 3647.31,100
3528,11:44:34,$ 3648.03,100
3529,11:43:52,$ 3648.67,100
3530,11:43:29,$ 3649.28,100
3531,11:43:09,$ 3648.895,100
3532,11:43:03,$ 3648.78,250
3533,11:42:40,$ 3648.59,100
3534,11:41:36,$ 3649.25,100
3535,11:41:27,$ 3648.90,100
3536,11:41:23,$ 3648.37,100
3537,11:41:16,$ 3648.185,226
3538,11:40:49,$ 3648.8227,100
3539,11:40:32,$ 3648.795,650
3540,11:40:30,$ 3648.17,100
3541,11:40:28,$ 3649.0169,100
3542,11:38:39,$ 3647.025,100
3544,11:38:22,$ 3645.4501,120
3545,11:38:10,$ 3647.0495,100
3546,11:37:32,$ 3647.15,100
3547,11:36:13,$ 3646.52,100
3548,11:36:07,$ 3646.425,100
3549,11:36:07,$ 3647.32,100
3550,11:35:37,$ 3645.72,100
3551,11:35:34,$ 3645.48,100
3552,11:35:34,$ 3645.51,100
3553,11:35:32,$ 3645.525,100
3554,11:35:31,$ 3646.37,176
3555,11:35:19,$ 3645.63,100
3556,11:34:51,$ 3647.335,"1,900"
3557,11:34:51,$ 3647.08,100
3558,11:34:33,$ 3648.89,200
3559,11:34:33,$ 3648.91,100
3560,11:34:33,$ 3648.99,100
3561,11:34:33,$ 3649.01,100
3562,11:34:33,$ 3649.01,100
3563,11:34:04,$ 3648.375,177
3565,11:32:17,$ 3647.455,100
3566,11:32:17,$ 3645.885,500
3567,11:32:17,$ 3646.26,100
3568,11:32:06,$ 3646.235,100
3569,11:31:45,$ 3647.0651,137
3570,11:31:34,$ 3648.77,100
3571,11:31:28,$ 3648.09,100
3573,12:29:44,$ 3647.00,100
3574,12:29:28,$ 3648.00,100
3575,12:28:30,$ 3648.27,100
3576,12:27:50,$ 3647.785,100
3577,12:27:35,$ 3648.15,100
3578,12:27:26,$ 3648.02,100
3579,12:27:02,$ 3648.425,100
3580,12:26:43,$ 3648.5671,100
3581,12:26:34,$ 3647.8201,100
3582,12:26:22,$ 3648.73,100
3583,12:26:00,$ 3648.00,150
3584,12:25:47,$ 3646.81,100
3585,12:25:47,$ 3646.81,100
3586,12:25:43,$ 3646.93,100
3587,12:25:43,$ 3646.93,100
3588,12:25:36,$ 3646.24,100
3589,12:25:36,$ 3646.335,100
3590,12:25:36,$ 3646.43,100
3591,12:25:11,$ 3647.00,100
3592,12:24:38,$ 3645.842,100
3594,12:24:37,$ 3645.00,100
3595,12:24:35,$ 3645.90,100
3596,12:24:35,$ 3645.90,100
3597,12:24:35,$ 3645.50,100
3598,12:24:35,$ 3645.90,100
3599,12:24:35,$ 3645.90,100
3600,12:24:35,$ 3645.88,100
3601,12:24:35,$ 3645.50,100
3602,12:24:35,$ 3645.44,100
3603,12:24:35,$ 3645.60,100
3604,12:24:35,$ 3645.68,100
3605,12:24:35,$ 3645.20,100
3606,12:24:28,$ 3644.91,100
3607,12:24:19,$ 3645.23,100
3608,12:24:11,$ 3645.01,100
3609,12:23:59,$ 3645.90,148
3610,12:23:53,$ 3645.6275,100
3611,12:23:45,$ 3645.915,132
3612,12:23:39,$ 3646.00,109
3613,12:23:39,$ 3646.00,100
3615,12:23:28,$ 3646.66,100
3616,12:23:28,$ 3646.66,100
3617,12:23:17,$ 3646.53,100
3618,12:23:17,$ 3646.53,300
3619,12:23:15,$ 3646.70,100
3620,12:23:15,$ 3646.63,100
3621,12:23:04,$ 3647.13,100
3622,12:22:14,$ 3648.32,275
3623,12:21:34,$ 3648.12,100
3624,12:21:34,$ 3648.12,100
3625,12:21:34,$ 3647.99,116
3626,12:21:32,$ 3647.74,100
3627,12:18:50,$ 3647.49,100
3628,12:18:50,$ 3647.60,200
3629,12:18:05,$ 3646.3075,990
3630,12:18:04,$ 3647.10,100
3631,12:18:00,$ 3647.08,100
3632,12:18:00,$ 3647.09,100
3633,12:17:45,$ 3646.70,100
3634,12:16:36,$ 3645.10,100
3636,12:16:36,$ 3645.16,100
3637,12:15:57,$ 3645.395,100
3638,12:15:49,$ 3645.02,100
3639,12:15:41,$ 3645.2922,160
3640,12:15:20,$ 3646.1253,100
3641,12:15:15,$ 3645.505,100
3642,12:15:09,$ 3645.20,100
3643,12:15:09,$ 3645.75,100
3644,12:14:49,$ 3646.35,200
3645,12:14:24,$ 3646.0201,100
3646,12:14:04,$ 3646.425,100
3647,12:14:01,$ 3646.00,100
3648,12:14:01,$ 3646.36,100
3649,12:13:12,$ 3647.02,100
3650,12:12:48,$ 3646.9829,146
3651,12:12:31,$ 3646.795,250
3652,12:12:04,$ 3646.795,100
3653,12:11:22,$ 3646.30,100
3654,12:10:09,$ 3646.1921,100
3655,12:10:07,$ 3646.48,200
3657,12:10:06,$ 3646.858,101
3658,12:09:55,$ 3646.26,115
3659,12:09:54,$ 3646.3499,100
3660,12:09:48,$ 3644.7701,100
3661,12:09:39,$ 3645.68,100
3662,12:09:29,$ 3645.37,100
3663,12:09:26,$ 3645.00,100
3664,12:09:26,$ 3645.00,"1,000"
3665,12:09:26,$ 3645.00,100
3666,12:09:26,$ 3645.00,100
3667,12:09:24,$ 3645.59,100
3668,12:09:15,$ 3646.76,100
3669,12:09:07,$ 3647.19,191
3670,12:08:59,$ 3647.405,100
3671,12:08:58,$ 3647.19,100
3672,12:08:58,$ 3647.42,100
3673,12:08:58,$ 3647.41,100
3674,12:08:45,$ 3648.21,102
3675,12:07:39,$ 3648.0974,130
3676,12:07:02,$ 3648.24,200
3678,12:07:02,$ 3648.23,100
3679,12:06:22,$ 3647.58,173
3680,12:05:36,$ 3648.72,104
3681,12:05:23,$ 3648.63,100
3682,12:04:54,$ 3647.8479,155
3683,12:04:22,$ 3649.00,100
3684,12:04:06,$ 3649.285,100
3685,12:03:27,$ 3649.005,100
3686,12:03:16,$ 3648.70,100
3687,12:03:16,$ 3648.32,100
3688,12:02:57,$ 3648.38,100
3689,12:02:57,$ 3648.475,100
3690,12:02:49,$ 3648.90,100
3691,12:01:59,$ 3648.68,100
3692,12:00:52,$ 3648.50,235
3693,12:00:52,$ 3648.50,178
3694,12:00:41,$ 3649.51,100
3695,12:00:39,$ 3649.635,100
3696,12:00:38,$ 3649.445,100
3697,12:00:35,$ 3648.95,100
3699,12:58:53,$ 3654.9125,100
3700,12:57:22,$ 3654.75,100
3701,12:57:17,$ 3654.52,100
3702,12:56:54,$ 3653.56,100
3703,12:56:45,$ 3654.34,500
3704,12:56:04,$ 3653.575,100
3705,12:56:00,$ 3653.85,500
3706,12:55:50,$ 3652.79,100
3707,12:54:29,$ 3652.5765,100
3708,12:54:23,$ 3652.264,250
3709,12:54:22,$ 3652.15,148
3710,12:54:22,$ 3652.15,264
3711,12:54:22,$ 3652.15,100
3712,12:54:22,$ 3652.15,100
3713,12:54:22,$ 3651.76,100
3714,12:54:11,$ 3652.45,100
3715,12:53:56,$ 3652.81,100
3716,12:53:53,$ 3652.93,100
3717,12:53:37,$ 3653.59,100
3718,12:53:17,$ 3654.61,100
3720,12:53:17,$ 3654.608,326
3721,12:53:01,$ 3655.41,100
3722,12:52:20,$ 3656.25,100
3723,12:52:15,$ 3657.00,200
3724,12:52:12,$ 3655.31,104
3725,12:52:10,$ 3654.96,100
3726,12:52:07,$ 3655.54,100
3727,12:52:07,$ 3654.93,100
3728,12:52:07,$ 3654.93,200
3729,12:51:44,$ 3653.5768,200
3730,12:51:03,$ 3654.53,100
3731,12:51:00,$ 3654.53,100
3732,12:51:00,$ 3653.64,300
3733,12:50:33,$ 3654.1201,100
3734,12:50:18,$ 3655.14,100
3735,12:50:18,$ 3655.20,100
3736,12:50:17,$ 3655.16,100
3737,12:49:39,$ 3657.22,100
3738,12:49:21,$ 3657.305,100
3739,12:49:10,$ 3657.64,100
3741,12:49:07,$ 3657.30,100
3742,12:48:57,$ 3657.29,100
3743,12:48:52,$ 3657.18,100
3744,12:48:43,$ 3656.955,114
3745,12:48:43,$ 3656.955,100
3746,12:48:23,$ 3657.35,100
3747,12:48:22,$ 3657.28,100
3748,12:47:59,$ 3657.0101,100
3749,12:47:56,$ 3657.00,135
3750,12:47:49,$ 3657.4281,100
3751,12:47:45,$ 3658.5399,100
3752,12:47:30,$ 3657.28,100
3753,12:47:21,$ 3657.12,100
3754,12:47:09,$ 3655.76,101
3755,12:47:09,$ 3655.74,100
3756,12:47:05,$ 3655.27,100
3757,12:47:00,$ 3654.90,100
3758,12:47:00,$ 3656.0195,100
3759,12:46:58,$ 3655.54,100
3760,12:46:58,$ 3656.145,100
3762,12:46:58,$ 3655.19,100
3763,12:46:57,$ 3655.56,100
3764,12:46:57,$ 3656.22,100
3765,12:46:57,$ 3656.00,100
3766,12:46:57,$ 3656.00,100
3767,12:46:57,$ 3656.65,100
3768,12:46:43,$ 3657.1801,171
3769,12:46:38,$ 3658.015,100
3770,12:46:36,$ 3658.085,100
3771,12:46:36,$ 3659.23,100
3772,12:46:26,$ 3657.95,320
3773,12:46:24,$ 3659.165,100
3774,12:46:17,$ 3660.04,100
3775,12:46:15,$ 3659.69,"1,000"
3776,12:46:15,$ 3660.8299,200
3777,12:46:12,$ 3660.96,100
3778,12:46:12,$ 3660.724,200
3779,12:46:12,$ 3660.712,200
3780,12:46:12,$ 3660.30,189
3781,12:46:12,$ 3660.00,291
3783,12:46:12,$ 3660.00,102
3784,12:46:12,$ 3660.00,447
3785,12:46:12,$ 3660.00,100
3786,12:46:09,$ 3659.76,100
3787,12:46:09,$ 3659.70,100
3788,12:46:04,$ 3658.44,100
3789,12:46:01,$ 3658.7465,100
3790,12:45:50,$ 3658.11,200
3791,12:45:49,$ 3657.99,100
3792,12:45:44,$ 3657.585,100
3793,12:45:36,$ 3657.82,100
3794,12:45:36,$ 3657.86,100
3795,12:45:33,$ 3658.09,100
3796,12:45:33,$ 3658.10,100
3797,12:45:33,$ 3658.09,100
3798,12:45:33,$ 3658.08,100
3799,12:45:33,$ 3658.08,100
3800,12:45:33,$ 3658.08,100
3801,12:45:33,$ 3658.09,181
3802,12:45:33,$ 3657.78,100
3804,12:45:33,$ 3658.09,185
3805,12:45:28,$ 3658.17,200
3806,12:45:28,$ 3658.025,"1,000"
3807,12:45:11,$ 3657.94,100
3808,12:45:10,$ 3658.39,100
3809,12:45:09,$ 3658.50,100
3810,12:45:09,$ 3658.26,200
3811,12:45:08,$ 3658.27,105
3812,12:45:08,$ 3658.44,100
3813,12:45:08,$ 3658.21,100
3814,12:45:08,$ 3658.45,100
3815,12:45:08,$ 3658.31,100
3816,12:45:06,$ 3658.15,100
3817,12:45:06,$ 3658.12,100
3818,12:45:06,$ 3658.00,100
3819,12:45:06,$ 3657.64,100
3820,12:45:06,$ 3657.63,100
3821,12:44:53,$ 3657.39,130
3822,12:44:50,$ 3657.39,100
3823,12:44:50,$ 3657.09,100
3825,12:44:50,$ 3657.09,100
3826,12:44:49,$ 3657.07,100
3827,12:44:41,$ 3656.7611,300
3828,12:44:38,$ 3656.1991,100
3829,12:44:38,$ 3655.7487,"1,000"
3830,12:44:28,$ 3656.175,"1,000"
3831,12:44:22,$ 3655.925,500
3832,12:44:14,$ 3656.00,184
3833,12:44:14,$ 3656.00,100
3834,12:44:14,$ 3656.00,100
3835,12:44:14,$ 3655.99,100
3836,12:44:13,$ 3655.49,100
3837,12:44:13,$ 3655.73,100
3838,12:44:13,$ 3655.499,200
3839,12:44:12,$ 3655.73,100
3840,12:44:12,$ 3655.73,100
3841,12:44:10,$ 3655.0211,200
3842,12:44:00,$ 3654.98,100
3843,12:43:54,$ 3654.70,300
3844,12:43:47,$ 3655.50,100
3846,12:43:47,$ 3655.4795,100
3847,12:43:25,$ 3655.27,300
3848,12:43:25,$ 3655.68,100
3849,12:43:25,$ 3655.7299,100
3850,12:43:24,$ 3654.98,147
3851,12:43:24,$ 3654.95,100
3852,12:43:23,$ 3654.7166,200
3853,12:43:16,$ 3654.14,100
3854,12:43:15,$ 3653.47,100
3855,12:43:13,$ 3652.80,100
3856,12:43:08,$ 3653.00,100
3857,12:43:00,$ 3652.08,100
3858,12:42:43,$ 3652.09,100
3859,12:42:43,$ 3652.25,100
3860,12:42:00,$ 3650.00,100
3861,12:41:47,$ 3649.42,100
3862,12:41:47,$ 3649.75,196
3863,12:41:47,$ 3649.55,100
3864,12:41:41,$ 3649.56,100
3865,12:41:32,$ 3649.40,100
3867,12:41:32,$ 3649.40,100
3868,12:41:32,$ 3649.40,100
3869,12:41:32,$ 3649.33,100
3870,12:41:32,$ 3649.35,100
3871,12:41:31,$ 3649.26,100
