,NLS Time (ET),NLS Price,NLS Share Volume
1,09:59:59,$ 3353.055,100
2,09:59:59,$ 3353.83,127
3,09:59:58,$ 3353.29,100
4,09:59:58,$ 3353.30,100
5,09:59:50,$ 3352.71,100
6,09:59:41,$ 3352.63,200
7,09:59:41,$ 3352.63,100
8,09:59:41,$ 3352.63,100
9,09:59:38,$ 3353.59,600
10,09:59:35,$ 3352.59,237
11,09:59:35,$ 3353.04,100
12,09:59:35,$ 3354.19,100
13,09:59:34,$ 3353.63,100
14,09:59:34,$ 3353.29,100
15,09:59:30,$ 3353.60,300
16,09:59:30,$ 3353.27,200
17,09:59:30,$ 3353.35,100
18,09:59:28,$ 3353.44,100
19,09:59:28,$ 3353.69,100
20,09:59:28,$ 3353.70,200
22,09:59:28,$ 3353.46,100
23,09:59:28,$ 3354.7599,300
24,09:59:27,$ 3353.67,200
25,09:59:27,$ 3353.69,100
26,09:59:27,$ 3353.67,100
27,09:59:27,$ 3353.60,100
28,09:59:27,$ 3353.23,100
29,09:59:27,$ 3355.02,250
30,09:59:27,$ 3353.47,200
31,09:59:27,$ 3353.25,100
32,09:59:27,$ 3353.20,100
33,09:59:27,$ 3354.25,100
34,09:59:27,$ 3354.25,100
35,09:59:27,$ 3354.25,100
36,09:59:27,$ 3353.9317,150
37,09:59:25,$ 3355.00,100
38,09:59:22,$ 3354.09,100
39,09:59:21,$ 3354.99,300
40,09:59:21,$ 3354.37,100
41,09:59:20,$ 3354.482,100
43,09:59:20,$ 3354.50,100
44,09:59:12,$ 3354.9999,100
45,09:59:12,$ 3354.7899,100
46,09:59:12,$ 3354.70,100
47,09:59:11,$ 3354.33,232
48,09:59:11,$ 3354.36,100
49,09:59:07,$ 3353.3976,400
50,09:59:05,$ 3353.81,100
51,09:59:02,$ 3353.715,250
52,09:58:59,$ 3354.26,150
53,09:58:59,$ 3353.155,100
54,09:58:59,$ 3353.195,100
55,09:58:51,$ 3353.615,100
56,09:58:51,$ 3353.65,100
57,09:58:51,$ 3353.60,100
58,09:58:51,$ 3353.62,100
59,09:58:51,$ 3353.60,100
60,09:58:49,$ 3353.00,300
61,09:58:47,$ 3352.005,100
62,09:58:46,$ 3352.095,100
64,09:58:45,$ 3353.8715,740
65,09:58:45,$ 3352.99,100
66,09:58:45,$ 3352.75,100
67,09:58:45,$ 3352.30,100
68,09:58:45,$ 3352.00,100
69,09:58:45,$ 3352.02,100
70,09:58:45,$ 3352.00,100
71,09:58:43,$ 3351.63,100
72,09:58:41,$ 3351.55,100
73,09:58:39,$ 3351.00,257
74,09:58:39,$ 3351.28,100
75,09:58:38,$ 3352.00,125
76,09:58:38,$ 3351.77,100
77,09:58:38,$ 3351.70,100
78,09:58:36,$ 3350.52,100
79,09:58:35,$ 3351.34,100
80,09:58:35,$ 3350.56,100
81,09:58:35,$ 3350.52,100
82,09:58:35,$ 3350.69,100
83,09:58:34,$ 3350.2663,100
85,09:58:33,$ 3350.776,100
86,09:58:33,$ 3351.0479,229
87,09:58:33,$ 3350.776,100
88,09:58:33,$ 3351.14,100
89,09:58:33,$ 3351.14,100
90,09:58:33,$ 3350.776,100
91,09:58:33,$ 3350.776,100
92,09:58:33,$ 3350.91,100
93,09:58:33,$ 3351.16,100
94,09:58:33,$ 3350.776,100
95,09:58:33,$ 3350.776,100
96,09:58:33,$ 3351.04,100
97,09:58:30,$ 3351.095,100
98,09:58:30,$ 3350.31,100
99,09:58:30,$ 3350.37,100
100,09:58:27,$ 3350.98,100
101,09:58:22,$ 3350.32,100
102,09:58:21,$ 3350.53,100
103,09:58:20,$ 3350.80,185
104,09:58:18,$ 3351.51,226
106,09:58:07,$ 3351.30,100
107,09:58:04,$ 3351.3857,400
108,09:58:00,$ 3351.9299,100
109,09:57:50,$ 3351.39,100
110,09:57:50,$ 3351.39,100
111,09:57:46,$ 3352.7999,150
112,09:57:41,$ 3352.30,118
113,09:57:41,$ 3352.30,298
114,09:57:41,$ 3352.30,164
115,09:57:39,$ 3352.4618,300
116,09:57:31,$ 3353.316,100
117,09:57:28,$ 3353.50,100
118,09:57:28,$ 3353.845,100
119,09:57:24,$ 3354.052,100
120,09:57:23,$ 3352.98,100
121,09:57:22,$ 3353.52,100
122,09:57:20,$ 3353.61,100
123,09:57:19,$ 3354.16,100
124,09:57:19,$ 3354.01,100
125,09:57:13,$ 3353.60,100
127,09:57:11,$ 3353.52,100
128,09:57:11,$ 3353.54,100
129,09:57:11,$ 3353.34,100
130,09:57:10,$ 3354.065,100
131,09:57:00,$ 3356.6588,297
132,09:57:00,$ 3356.40,100
133,09:57:00,$ 3356.5675,986
134,09:57:00,$ 3356.11,100
135,09:56:55,$ 3355.915,100
136,09:56:52,$ 3355.03,100
137,09:56:51,$ 3355.03,100
138,09:56:51,$ 3355.03,100
139,09:56:51,$ 3354.705,100
140,09:56:51,$ 3354.705,100
141,09:56:49,$ 3354.60,100
142,09:56:47,$ 3353.42,100
143,09:56:46,$ 3353.525,100
144,09:56:46,$ 3353.385,100
145,09:56:46,$ 3353.52,100
146,09:56:46,$ 3353.525,100
148,09:56:46,$ 3353.672,100
149,09:56:46,$ 3353.693,200
150,09:56:46,$ 3354.15,100
151,09:56:44,$ 3355.00,100
152,09:56:43,$ 3355.24,100
153,09:56:42,$ 3355.11,100
154,09:56:41,$ 3355.42,100
155,09:56:41,$ 3355.425,100
156,09:56:41,$ 3356.00,100
157,09:56:41,$ 3356.08,100
158,09:56:40,$ 3355.925,100
159,09:56:40,$ 3355.8776,250
160,09:56:40,$ 3356.1413,100
161,09:56:33,$ 3357.74,100
162,09:56:30,$ 3357.625,100
163,09:56:28,$ 3357.505,100
164,09:56:27,$ 3357.30,100
165,09:56:25,$ 3356.72,100
166,09:56:25,$ 3356.655,100
167,09:56:25,$ 3356.855,100
169,09:56:25,$ 3356.67,100
170,09:56:25,$ 3357.53,105
171,09:56:22,$ 3358.2443,100
172,09:56:12,$ 3358.70,100
173,09:56:12,$ 3358.70,400
174,09:56:09,$ 3358.6654,144
175,09:56:08,$ 3358.65,100
176,09:56:08,$ 3358.63,100
177,09:56:08,$ 3358.57,100
178,09:56:06,$ 3359.8202,100
179,09:55:59,$ 3360.48,100
180,09:55:57,$ 3360.94,100
181,09:55:57,$ 3360.94,100
182,09:55:48,$ 3360.92,100
183,09:55:48,$ 3360.90,100
184,09:55:44,$ 3360.46,100
185,09:55:42,$ 3360.41,100
186,09:55:42,$ 3360.65,300
187,09:55:41,$ 3360.57,300
188,09:55:41,$ 3360.56,100
190,09:55:41,$ 3360.535,200
191,09:55:41,$ 3360.43,100
192,09:55:40,$ 3360.49,100
193,09:55:39,$ 3360.41,100
194,09:55:37,$ 3358.635,100
195,09:55:37,$ 3358.705,100
196,09:55:36,$ 3359.24,100
197,09:55:36,$ 3360.01,100
198,09:55:36,$ 3359.79,135
199,09:55:36,$ 3359.93,100
200,09:55:34,$ 3360.41,100
201,09:55:34,$ 3361.02,100
202,09:55:33,$ 3361.4971,100
203,09:55:32,$ 3360.65,100
204,09:55:31,$ 3360.7273,600
205,09:55:30,$ 3362.00,130
206,09:55:30,$ 3362.18,100
207,09:55:27,$ 3362.18,116
208,09:55:23,$ 3362.88,100
209,09:55:23,$ 3362.91,100
211,09:55:23,$ 3362.91,100
212,09:55:23,$ 3362.91,100
213,09:55:20,$ 3364.00,200
214,09:55:20,$ 3364.06,100
215,09:55:14,$ 3364.815,100
216,09:55:11,$ 3366.11,200
217,09:55:04,$ 3365.175,200
218,09:55:03,$ 3366.58,400
219,09:55:03,$ 3365.37,100
220,09:55:03,$ 3365.37,100
221,09:55:02,$ 3365.37,100
222,09:55:01,$ 3365.97,100
223,09:55:01,$ 3365.99,400
224,09:55:01,$ 3365.74,400
225,09:55:00,$ 3366.285,100
226,09:54:58,$ 3366.355,100
227,09:54:57,$ 3366.3706,200
228,09:54:54,$ 3366.00,100
229,09:54:54,$ 3366.00,100
230,09:54:54,$ 3365.35,100
232,09:54:53,$ 3365.725,100
233,09:54:46,$ 3366.01,100
234,09:54:45,$ 3366.14,100
235,09:54:43,$ 3366.01,100
236,09:54:43,$ 3366.00,257
237,09:54:38,$ 3365.9899,100
238,09:54:36,$ 3364.675,150
239,09:54:32,$ 3364.832,750
240,09:54:32,$ 3365.34,100
241,09:54:30,$ 3365.485,100
242,09:54:26,$ 3366.2194,150
243,09:54:24,$ 3366.00,209
244,09:54:24,$ 3365.90,100
245,09:54:22,$ 3365.88,100
246,09:54:22,$ 3365.6357,100
247,09:54:21,$ 3365.89,200
248,09:54:21,$ 3365.50,100
249,09:54:19,$ 3365.39,100
250,09:54:18,$ 3365.10,100
251,09:54:18,$ 3365.00,100
253,09:54:18,$ 3365.03,100
254,09:54:15,$ 3364.8457,100
255,09:54:13,$ 3364.32,100
256,09:54:13,$ 3364.32,100
257,09:54:12,$ 3364.13,100
258,09:54:11,$ 3364.13,100
259,09:54:11,$ 3363.98,100
260,09:54:11,$ 3363.98,100
261,09:54:10,$ 3363.01,100
262,09:54:07,$ 3363.485,100
263,09:53:58,$ 3363.9799,200
264,09:53:57,$ 3363.215,100
265,09:53:55,$ 3363.33,100
266,09:53:55,$ 3363.365,100
267,09:53:55,$ 3363.71,100
268,09:53:55,$ 3363.24,100
269,09:53:55,$ 3363.09,200
270,09:53:55,$ 3363.00,150
271,09:53:55,$ 3363.64,100
272,09:53:54,$ 3363.98,100
274,09:53:50,$ 3364.13,100
275,09:53:46,$ 3364.2534,150
276,09:53:43,$ 3363.8007,300
277,09:53:41,$ 3364.7499,100
278,09:53:38,$ 3364.18,100
279,09:53:33,$ 3364.7599,200
280,09:53:32,$ 3364.65,100
281,09:53:32,$ 3364.42,100
282,09:53:31,$ 3364.00,200
283,09:53:31,$ 3364.12,100
284,09:53:31,$ 3363.79,142
285,09:53:31,$ 3363.91,100
286,09:53:28,$ 3364.4972,100
287,09:53:26,$ 3364.16,100
288,09:53:24,$ 3364.3525,100
289,09:53:18,$ 3364.71,100
290,09:53:18,$ 3364.70,100
291,09:53:17,$ 3364.66,100
292,09:53:17,$ 3364.71,100
293,09:53:12,$ 3365.98,100
295,09:53:12,$ 3366.00,100
296,09:53:12,$ 3365.69,100
297,09:53:12,$ 3365.9999,100
298,09:53:08,$ 3365.94,100
299,09:53:07,$ 3365.94,100
300,09:53:05,$ 3365.515,100
301,09:53:04,$ 3365.515,100
302,09:53:04,$ 3365.95,100
303,09:53:03,$ 3366.00,100
304,09:53:02,$ 3365.945,100
305,09:52:54,$ 3365.445,115
306,09:52:51,$ 3365.44,100
307,09:52:51,$ 3365.46,100
308,09:52:51,$ 3365.915,100
309,09:52:50,$ 3365.89,100
310,09:52:49,$ 3365.74,123
311,09:52:47,$ 3365.68,100
312,09:52:47,$ 3365.295,100
313,09:52:47,$ 3365.295,100
314,09:52:45,$ 3365.74,100
316,09:52:45,$ 3365.4375,300
317,09:52:43,$ 3365.59,100
318,09:52:42,$ 3365.59,100
319,09:52:42,$ 3365.35,100
320,09:52:42,$ 3365.50,100
321,09:52:42,$ 3365.50,100
322,09:52:39,$ 3365.19,100
323,09:52:35,$ 3364.91,200
324,09:52:35,$ 3364.69,100
325,09:52:31,$ 3365.38,100
326,09:52:30,$ 3365.285,100
327,09:52:30,$ 3365.22,100
328,09:52:30,$ 3365.285,100
329,09:52:30,$ 3365.2575,100
330,09:52:30,$ 3365.12,100
331,09:52:30,$ 3365.2375,100
332,09:52:30,$ 3365.285,100
333,09:52:28,$ 3365.29,100
334,09:52:22,$ 3364.94,100
335,09:52:18,$ 3364.99,100
337,09:52:17,$ 3364.6203,300
338,09:52:15,$ 3364.65,100
339,09:52:15,$ 3364.4943,290
340,09:52:12,$ 3364.44,100
341,09:52:10,$ 3364.83,100
342,09:52:10,$ 3364.123,100
343,09:52:10,$ 3364.26,100
344,09:52:09,$ 3364.02,100
345,09:52:07,$ 3363.91,100
346,09:52:04,$ 3363.575,100
347,09:52:01,$ 3363.725,100
348,09:52:01,$ 3363.785,100
349,09:52:01,$ 3363.955,100
350,09:52:01,$ 3363.53,100
351,09:51:59,$ 3363.935,100
352,09:51:59,$ 3363.935,100
353,09:51:57,$ 3363.925,100
354,09:51:57,$ 3363.925,249
355,09:51:54,$ 3363.77,100
356,09:51:52,$ 3363.93,100
358,09:51:45,$ 3363.965,100
359,09:51:41,$ 3363.78,100
360,09:51:39,$ 3363.425,100
361,09:51:39,$ 3363.70,100
362,09:51:33,$ 3363.78,100
363,09:51:32,$ 3363.58,100
364,09:51:32,$ 3363.63,100
365,09:51:31,$ 3363.1842,100
366,09:51:31,$ 3363.00,100
367,09:51:29,$ 3361.82,100
368,09:51:28,$ 3363.24,100
369,09:51:28,$ 3363.27,100
370,09:51:27,$ 3364.02,100
371,09:51:23,$ 3364.04,100
372,09:51:18,$ 3363.57,100
373,09:51:17,$ 3363.57,100
374,09:51:16,$ 3364.19,189
375,09:51:10,$ 3363.975,200
376,09:51:07,$ 3364.31,100
377,09:51:02,$ 3364.22,100
379,09:51:02,$ 3364.27,100
380,09:51:02,$ 3364.00,900
381,09:51:02,$ 3364.00,100
382,09:51:02,$ 3363.95,100
383,09:51:02,$ 3363.67,100
384,09:51:00,$ 3363.47,100
385,09:51:00,$ 3363.10,100
386,09:51:00,$ 3363.00,121
387,09:50:58,$ 3362.97,120
388,09:50:51,$ 3361.76,100
389,09:50:43,$ 3361.58,100
390,09:50:31,$ 3362.18,100
391,09:50:30,$ 3362.0619,140
392,09:50:26,$ 3362.26,100
393,09:50:25,$ 3361.94,100
394,09:50:25,$ 3361.76,100
395,09:50:25,$ 3361.80,126
396,09:50:25,$ 3361.80,100
397,09:50:20,$ 3361.385,100
398,09:50:14,$ 3361.86,100
400,09:50:05,$ 3361.37,100
401,09:50:02,$ 3360.99,100
402,09:50:02,$ 3361.0923,237
403,09:50:02,$ 3361.1393,333
404,09:50:00,$ 3361.03,100
405,09:50:00,$ 3360.23,100
406,09:50:00,$ 3359.95,100
407,09:50:00,$ 3359.95,100
408,09:50:00,$ 3359.98,200
409,09:50:00,$ 3359.98,100
410,09:49:59,$ 3359.94,100
411,09:49:59,$ 3359.75,100
412,09:49:56,$ 3359.345,100
413,09:49:56,$ 3359.33,100
414,09:49:53,$ 3359.33,100
415,09:49:48,$ 3359.32,100
416,09:49:47,$ 3358.6401,200
417,09:49:33,$ 3359.07,100
418,09:49:33,$ 3359.07,100
419,09:49:32,$ 3359.45,100
421,09:49:32,$ 3358.6955,"1,000"
422,09:49:29,$ 3359.00,100
423,09:49:26,$ 3358.995,100
424,09:49:25,$ 3359.285,100
425,09:49:22,$ 3359.295,100
426,09:49:21,$ 3359.41,100
427,09:49:21,$ 3359.405,100
428,09:49:21,$ 3359.61,100
429,09:49:21,$ 3359.12,200
430,09:49:21,$ 3359.11,400
431,09:49:16,$ 3358.79,100
432,09:49:16,$ 3358.27,407
433,09:49:16,$ 3358.13,100
434,09:49:16,$ 3358.0986,100
435,09:49:15,$ 3358.00,100
436,09:49:15,$ 3358.00,100
437,09:49:15,$ 3357.75,100
438,09:49:14,$ 3358.56,144
439,09:49:13,$ 3358.3272,200
440,09:49:11,$ 3358.8636,100
442,09:49:03,$ 3358.615,100
443,09:49:03,$ 3358.56,100
444,09:49:03,$ 3358.97,100
445,09:48:58,$ 3358.31,600
446,09:48:58,$ 3358.42,100
447,09:48:58,$ 3358.375,100
448,09:48:56,$ 3358.875,100
449,09:48:56,$ 3359.025,100
450,09:48:56,$ 3359.025,100
451,09:48:56,$ 3359.025,200
452,09:48:56,$ 3359.30,100
453,09:48:56,$ 3359.30,100
454,09:48:56,$ 3358.92,100
455,09:48:55,$ 3359.395,100
456,09:48:55,$ 3358.84,100
457,09:48:55,$ 3359.03,100
458,09:48:55,$ 3359.05,100
459,09:48:47,$ 3360.0275,500
460,09:48:28,$ 3362.1659,100
461,09:48:24,$ 3362.54,100
463,09:48:20,$ 3362.00,100
464,09:48:18,$ 3362.00,100
465,09:48:13,$ 3362.36,100
466,09:48:13,$ 3362.36,100
467,09:48:13,$ 3362.545,100
468,09:48:13,$ 3362.79,100
469,09:48:11,$ 3363.005,100
470,09:48:06,$ 3363.20,100
471,09:48:06,$ 3363.20,100
472,09:48:02,$ 3362.6502,100
473,09:48:01,$ 3363.17,100
474,09:48:00,$ 3362.77,100
475,09:48:00,$ 3363.15,100
476,09:48:00,$ 3363.00,122
477,09:47:51,$ 3363.31,300
478,09:47:48,$ 3362.81,100
479,09:47:40,$ 3362.98,100
480,09:47:34,$ 3362.97,100
481,09:47:34,$ 3362.82,100
482,09:47:25,$ 3363.57,100
484,09:47:22,$ 3363.55,100
485,09:47:09,$ 3363.57,150
486,09:47:05,$ 3362.71,100
487,09:47:05,$ 3362.72,100
488,09:47:05,$ 3362.34,100
489,09:47:01,$ 3362.78,100
490,09:46:58,$ 3362.63,100
491,09:46:58,$ 3362.51,100
492,09:46:56,$ 3362.55,100
493,09:46:56,$ 3362.56,100
494,09:46:54,$ 3362.41,100
495,09:46:53,$ 3362.17,300
496,09:46:53,$ 3362.17,880
497,09:46:53,$ 3362.17,700
498,09:46:53,$ 3362.17,500
499,09:46:53,$ 3362.17,"1,020"
500,09:46:53,$ 3362.17,400
501,09:46:53,$ 3362.17,400
502,09:46:53,$ 3362.17,280
503,09:46:53,$ 3362.53,460
505,09:46:53,$ 3361.92,100
506,09:46:53,$ 3362.00,120
507,09:46:52,$ 3361.97,100
508,09:46:52,$ 3361.945,100
509,09:46:50,$ 3360.90,100
510,09:46:49,$ 3361.40,100
511,09:46:49,$ 3361.36,100
512,09:46:43,$ 3360.32,100
513,09:46:43,$ 3360.31,100
514,09:46:42,$ 3360.74,100
515,09:46:33,$ 3361.14,100
516,09:46:30,$ 3360.25,150
517,09:46:29,$ 3360.25,100
518,09:46:25,$ 3360.50,100
519,09:46:23,$ 3359.59,100
520,09:46:21,$ 3360.425,100
521,09:46:21,$ 3359.99,101
522,09:46:09,$ 3359.2629,150
523,09:46:08,$ 3358.85,100
524,09:46:08,$ 3359.485,100
526,09:46:08,$ 3359.515,100
527,09:46:05,$ 3358.59,100
528,09:46:00,$ 3358.31,100
529,09:45:52,$ 3357.84,100
530,09:45:42,$ 3358.20,100
531,09:45:41,$ 3358.13,300
532,09:45:32,$ 3359.81,100
533,09:45:32,$ 3359.84,100
534,09:45:24,$ 3359.32,100
535,09:45:24,$ 3358.99,200
536,09:45:22,$ 3358.41,100
537,09:45:22,$ 3358.585,100
538,09:45:19,$ 3357.83,100
539,09:45:18,$ 3357.19,100
540,09:45:18,$ 3357.375,100
541,09:45:18,$ 3357.50,100
542,09:45:16,$ 3358.00,134
543,09:45:16,$ 3358.00,100
544,09:45:16,$ 3358.00,100
545,09:45:16,$ 3358.00,100
547,09:45:16,$ 3358.00,135
548,09:45:16,$ 3358.3499,100
549,09:45:10,$ 3358.36,100
550,09:45:07,$ 3358.98,300
551,09:45:06,$ 3357.12,100
552,09:45:05,$ 3357.78,100
553,09:45:03,$ 3358.33,100
554,09:45:03,$ 3357.72,100
555,09:45:00,$ 3357.26,100
556,09:45:00,$ 3357.40,100
557,09:45:00,$ 3357.26,122
558,09:45:00,$ 3357.26,400
559,09:45:00,$ 3358.13,100
560,09:44:53,$ 3358.5204,100
561,09:44:50,$ 3358.195,100
562,09:44:50,$ 3358.32,100
563,09:44:46,$ 3359.72,100
564,09:44:46,$ 3359.60,144
565,09:44:46,$ 3359.60,100
566,09:44:42,$ 3358.969,250
568,09:44:42,$ 3358.87,100
569,09:44:42,$ 3359.12,100
570,09:44:41,$ 3358.805,100
571,09:44:41,$ 3359.515,100
572,09:44:41,$ 3359.625,100
573,09:44:40,$ 3359.92,100
574,09:44:37,$ 3360.69,100
575,09:44:37,$ 3360.68,100
576,09:44:37,$ 3361.02,100
577,09:44:33,$ 3361.28,100
578,09:44:31,$ 3361.54,100
579,09:44:28,$ 3364.695,100
580,09:44:27,$ 3364.495,100
581,09:44:26,$ 3363.17,100
582,09:44:26,$ 3363.14,100
583,09:44:26,$ 3363.24,100
584,09:44:26,$ 3364.80,157
585,09:44:26,$ 3364.10,200
586,09:44:26,$ 3363.595,100
587,09:44:26,$ 3363.595,100
589,09:44:26,$ 3363.24,100
590,09:44:25,$ 3362.42,100
591,09:44:25,$ 3363.09,100
592,09:44:25,$ 3362.90,100
593,09:44:25,$ 3362.00,200
594,09:44:23,$ 3362.53,138
595,09:44:22,$ 3362.51,125
596,09:44:22,$ 3363.7199,100
597,09:44:21,$ 3362.57,100
598,09:44:21,$ 3362.7713,300
599,09:44:15,$ 3364.53,100
600,09:44:14,$ 3364.885,100
601,09:44:14,$ 3364.885,100
602,09:44:12,$ 3364.345,100
603,09:44:12,$ 3364.345,100
604,09:44:11,$ 3364.47,100
605,09:44:11,$ 3364.66,100
606,09:44:11,$ 3364.66,100
607,09:44:11,$ 3364.485,100
608,09:44:11,$ 3364.665,100
610,09:44:10,$ 3364.31,100
611,09:44:10,$ 3363.83,388
612,09:44:09,$ 3363.29,100
613,09:44:07,$ 3363.555,100
614,09:44:07,$ 3363.145,100
615,09:44:06,$ 3363.72,100
616,09:44:06,$ 3364.00,100
617,09:44:06,$ 3363.415,100
618,09:44:06,$ 3364.95,100
619,09:44:06,$ 3365.00,420
620,09:44:06,$ 3363.215,100
621,09:44:06,$ 3363.325,100
622,09:44:06,$ 3364.25,100
623,09:44:06,$ 3364.24,100
624,09:44:06,$ 3364.19,100
625,09:44:06,$ 3363.98,100
626,09:44:06,$ 3363.97,100
627,09:44:06,$ 3363.98,275
628,09:44:06,$ 3363.89,100
629,09:44:06,$ 3363.95,100
631,09:44:06,$ 3363.98,100
632,09:44:06,$ 3363.99,160
633,09:44:06,$ 3363.94,100
634,09:44:06,$ 3363.23,100
635,09:44:06,$ 3363.18,100
636,09:44:06,$ 3363.22,100
637,09:44:06,$ 3362.065,100
638,09:44:06,$ 3362.025,100
639,09:44:06,$ 3361.745,100
640,09:44:06,$ 3362.09,200
641,09:44:06,$ 3361.985,100
642,09:44:06,$ 3361.95,100
643,09:44:06,$ 3362.09,100
644,09:44:05,$ 3362.09,100
645,09:44:05,$ 3361.74,100
646,09:44:05,$ 3360.96,100
647,09:43:50,$ 3362.65,100
648,09:43:48,$ 3362.76,100
649,09:43:42,$ 3362.245,200
650,09:43:42,$ 3362.5547,100
652,09:43:40,$ 3363.07,100
653,09:43:38,$ 3362.25,118
654,09:43:38,$ 3362.51,100
655,09:43:38,$ 3362.675,100
656,09:43:37,$ 3363.06,118
657,09:43:34,$ 3363.03,100
658,09:43:34,$ 3362.6525,326
659,09:43:28,$ 3362.50,100
660,09:43:27,$ 3362.04,100
661,09:43:24,$ 3361.89,122
662,09:43:22,$ 3361.0601,600
663,09:43:21,$ 3361.0132,264
664,09:43:19,$ 3361.01,150
665,09:43:17,$ 3360.89,100
666,09:43:15,$ 3361.435,200
667,09:43:15,$ 3361.25,100
668,09:43:15,$ 3361.25,100
669,09:43:15,$ 3360.32,100
670,09:43:15,$ 3360.27,100
671,09:43:15,$ 3360.00,116
673,09:43:15,$ 3360.00,262
674,09:43:15,$ 3359.00,100
675,09:43:15,$ 3358.93,100
676,09:43:15,$ 3358.93,100
677,09:43:15,$ 3359.22,100
678,09:43:15,$ 3358.99,100
679,09:43:15,$ 3358.95,100
680,09:43:15,$ 3358.87,100
681,09:43:13,$ 3358.20,100
682,09:43:13,$ 3358.08,104
683,09:43:08,$ 3359.00,100
684,09:43:07,$ 3357.845,100
685,09:43:05,$ 3358.71,100
686,09:43:05,$ 3358.05,100
687,09:43:02,$ 3358.824,100
688,09:43:01,$ 3357.765,250
689,09:42:59,$ 3358.27,100
690,09:42:59,$ 3358.56,100
691,09:42:59,$ 3358.57,100
692,09:42:57,$ 3357.925,100
694,09:42:56,$ 3357.89,100
695,09:42:52,$ 3357.04,200
696,09:42:41,$ 3357.962,100
697,09:42:40,$ 3357.58,100
698,09:42:38,$ 3357.85,100
699,09:42:36,$ 3356.75,100
700,09:42:19,$ 3356.7082,100
701,09:42:15,$ 3358.17,111
702,09:42:12,$ 3357.65,100
703,09:42:11,$ 3358.17,100
704,09:42:10,$ 3357.22,100
705,09:42:07,$ 3356.99,100
706,09:42:06,$ 3356.0401,100
707,09:42:05,$ 3356.5845,100
708,09:42:04,$ 3357.07,100
709,09:42:04,$ 3357.00,100
710,09:42:04,$ 3357.33,100
711,09:42:04,$ 3357.39,100
712,09:41:56,$ 3358.7598,300
713,09:41:50,$ 3359.95,100
715,09:41:40,$ 3359.42,100
716,09:41:35,$ 3360.96,100
717,09:41:34,$ 3361.25,200
718,09:41:29,$ 3361.47,100
719,09:41:29,$ 3360.895,100
720,09:41:29,$ 3360.77,100
721,09:41:28,$ 3361.26,250
722,09:41:28,$ 3361.06,100
723,09:41:26,$ 3361.86,100
724,09:41:25,$ 3361.03,100
725,09:41:25,$ 3361.27,100
726,09:41:25,$ 3361.27,100
727,09:41:25,$ 3360.5376,297
728,09:41:25,$ 3360.82,100
729,09:41:23,$ 3360.98,100
730,09:41:23,$ 3359.85,100
731,09:41:23,$ 3359.96,100
732,09:41:19,$ 3360.93,206
733,09:41:19,$ 3360.93,100
734,09:41:17,$ 3359.81,100
736,09:41:14,$ 3360.3289,579
737,09:41:14,$ 3360.88,100
738,09:41:13,$ 3360.7399,100
739,09:41:11,$ 3360.51,100
740,09:41:11,$ 3360.59,100
741,09:41:11,$ 3360.61,100
742,09:41:09,$ 3360.34,100
743,09:41:07,$ 3360.19,100
744,09:41:02,$ 3359.05,110
745,09:40:56,$ 3359.43,100
746,09:40:56,$ 3360.06,100
747,09:40:54,$ 3359.605,100
748,09:40:54,$ 3360.43,100
749,09:40:51,$ 3360.51,100
750,09:40:51,$ 3359.8001,200
751,09:40:38,$ 3360.7521,100
752,09:40:36,$ 3360.03,100
753,09:40:36,$ 3360.03,100
754,09:40:35,$ 3360.56,100
755,09:40:32,$ 3360.4344,297
757,09:40:32,$ 3360.4344,521
758,09:40:31,$ 3360.4976,100
759,09:40:25,$ 3361.075,100
760,09:40:25,$ 3361.085,100
761,09:40:25,$ 3360.05,100
762,09:40:24,$ 3360.145,100
763,09:40:24,$ 3360.63,100
764,09:40:24,$ 3360.56,100
765,09:40:24,$ 3360.57,100
766,09:40:24,$ 3360.57,100
767,09:40:24,$ 3360.57,100
768,09:40:24,$ 3360.57,100
769,09:40:24,$ 3360.57,102
770,09:40:23,$ 3360.895,100
771,09:40:23,$ 3360.55,100
772,09:40:22,$ 3361.00,100
773,09:40:21,$ 3360.125,100
774,09:40:21,$ 3360.44,100
775,09:40:21,$ 3360.61,100
776,09:40:21,$ 3360.00,100
778,09:40:21,$ 3360.00,600
779,09:40:21,$ 3360.00,100
780,09:40:21,$ 3360.00,100
781,09:40:21,$ 3360.00,100
782,09:40:21,$ 3359.99,100
783,09:40:21,$ 3359.99,195
784,09:40:21,$ 3359.70,144
785,09:40:20,$ 3358.945,100
786,09:40:19,$ 3358.87,100
787,09:40:19,$ 3357.9775,100
788,09:40:18,$ 3357.78,100
789,09:40:17,$ 3359.64,100
790,09:40:16,$ 3359.00,100
791,09:40:16,$ 3358.94,100
792,09:40:15,$ 3358.98,100
793,09:40:15,$ 3358.345,100
794,09:40:15,$ 3357.93,100
795,09:40:14,$ 3358.00,100
796,09:40:12,$ 3357.26,100
797,09:40:12,$ 3356.99,100
799,09:40:12,$ 3356.79,138
800,09:40:12,$ 3356.79,100
801,09:40:12,$ 3356.405,100
802,09:40:12,$ 3356.405,100
803,09:40:10,$ 3355.55,100
804,09:40:10,$ 3355.95,100
805,09:40:10,$ 3356.34,100
806,09:40:10,$ 3356.32,100
807,09:40:10,$ 3355.96,100
808,09:40:08,$ 3355.44,100
809,09:40:07,$ 3355.05,100
810,09:40:07,$ 3354.9321,926
811,09:40:06,$ 3355.02,100
812,09:40:06,$ 3354.95,100
813,09:40:06,$ 3354.89,100
814,09:40:05,$ 3354.125,140
815,09:40:05,$ 3353.30,100
816,09:40:03,$ 3354.005,100
817,09:40:03,$ 3353.1901,700
818,09:39:50,$ 3353.27,100
820,09:39:44,$ 3352.755,100
821,09:39:44,$ 3352.98,100
822,09:39:41,$ 3352.745,100
823,09:39:40,$ 3353.27,100
824,09:39:40,$ 3353.1143,100
825,09:39:40,$ 3353.22,100
826,09:39:39,$ 3353.27,300
827,09:39:34,$ 3353.07,100
828,09:39:34,$ 3353.02,100
829,09:39:34,$ 3353.02,100
830,09:39:34,$ 3353.02,100
831,09:39:33,$ 3353.03,100
832,09:39:28,$ 3352.15,100
833,09:39:26,$ 3351.58,100
834,09:39:26,$ 3351.31,100
835,09:39:08,$ 3349.51,115
836,09:39:08,$ 3350.01,100
837,09:39:06,$ 3350.70,100
838,09:39:05,$ 3351.03,100
839,09:39:04,$ 3351.01,172
841,09:39:04,$ 3350.7608,100
842,09:39:03,$ 3350.72,100
843,09:39:03,$ 3350.962,100
844,09:39:03,$ 3350.988,100
845,09:39:03,$ 3350.62,100
846,09:38:46,$ 3350.698,"2,000"
847,09:38:41,$ 3351.20,100
848,09:38:28,$ 3350.645,100
849,09:38:28,$ 3350.60,100
850,09:38:27,$ 3350.83,100
851,09:38:24,$ 3350.30,100
852,09:38:24,$ 3350.815,300
853,09:38:18,$ 3350.00,100
854,09:38:18,$ 3350.20,100
855,09:38:18,$ 3350.19,100
856,09:38:14,$ 3350.21,100
857,09:38:11,$ 3350.75,100
858,09:38:11,$ 3350.69,100
859,09:38:11,$ 3349.76,100
860,09:38:11,$ 3349.935,100
862,09:38:10,$ 3349.935,100
863,09:38:09,$ 3349.955,200
864,09:38:09,$ 3349.955,100
865,09:38:06,$ 3350.05,100
866,09:38:04,$ 3349.875,200
867,09:38:02,$ 3350.00,113
868,09:38:02,$ 3349.87,100
869,09:38:01,$ 3350.25,100
870,09:37:58,$ 3349.93,200
871,09:37:58,$ 3350.00,100
872,09:37:57,$ 3349.82,500
873,09:37:57,$ 3350.00,200
874,09:37:52,$ 3351.785,200
875,09:37:51,$ 3351.85,100
876,09:37:49,$ 3351.98,100
877,09:37:49,$ 3351.74,100
878,09:37:49,$ 3351.81,100
879,09:37:49,$ 3351.86,100
880,09:37:49,$ 3351.87,100
881,09:37:49,$ 3351.87,100
883,09:37:47,$ 3351.0016,750
884,09:37:43,$ 3351.3823,"1,000"
885,09:37:41,$ 3351.08,100
886,09:37:40,$ 3351.42,100
887,09:37:40,$ 3351.42,100
888,09:37:32,$ 3351.22,100
889,09:37:31,$ 3351.315,100
890,09:37:26,$ 3352.82,100
891,09:37:25,$ 3353.54,100
892,09:37:24,$ 3354.69,100
893,09:37:05,$ 3353.76,100
894,09:37:04,$ 3354.02,100
895,09:37:04,$ 3354.5398,100
896,09:37:04,$ 3354.436,100
897,09:37:04,$ 3354.54,100
898,09:37:04,$ 3354.07,100
899,09:37:04,$ 3353.265,150
900,09:37:03,$ 3352.3983,150
901,09:37:03,$ 3353.12,100
902,09:37:03,$ 3352.2879,300
904,09:37:02,$ 3353.645,100
905,09:37:02,$ 3354.155,100
906,09:37:02,$ 3353.88,100
907,09:37:01,$ 3354.67,100
908,09:37:00,$ 3354.67,201
909,09:37:00,$ 3355.14,100
910,09:36:56,$ 3355.48,100
911,09:36:50,$ 3355.21,100
912,09:36:38,$ 3355.125,100
913,09:36:38,$ 3355.75,100
914,09:36:38,$ 3355.43,100
915,09:36:38,$ 3355.125,100
916,09:36:37,$ 3355.59,300
917,09:36:37,$ 3355.26,100
918,09:36:37,$ 3354.957,100
919,09:36:36,$ 3354.2775,100
920,09:36:34,$ 3353.76,100
921,09:36:32,$ 3354.28,100
922,09:36:32,$ 3354.28,100
923,09:36:32,$ 3354.28,100
925,09:36:31,$ 3353.92,100
926,09:36:31,$ 3353.93,111
927,09:36:18,$ 3354.10,100
928,09:36:06,$ 3354.125,250
929,09:36:03,$ 3354.99,100
930,09:36:01,$ 3353.14,100
931,09:35:59,$ 3352.55,100
932,09:35:56,$ 3351.1701,100
933,09:35:54,$ 3352.105,100
934,09:35:53,$ 3352.105,100
935,09:35:42,$ 3351.28,100
936,09:35:40,$ 3350.59,100
937,09:35:36,$ 3351.53,100
938,09:35:31,$ 3351.02,100
939,09:35:28,$ 3349.7131,100
940,09:35:28,$ 3350.7699,100
941,09:35:28,$ 3349.97,500
942,09:35:28,$ 3349.965,200
943,09:35:28,$ 3349.965,100
944,09:35:26,$ 3350.635,100
946,09:35:25,$ 3350.80,100
947,09:35:24,$ 3350.80,100
948,09:35:21,$ 3350.25,100
949,09:35:21,$ 3349.75,200
950,09:35:21,$ 3349.75,100
951,09:35:19,$ 3350.00,100
952,09:35:16,$ 3350.22,100
953,09:35:16,$ 3350.00,100
954,09:35:16,$ 3350.545,100
955,09:35:15,$ 3350.59,100
956,09:35:14,$ 3351.01,100
957,09:35:12,$ 3353.03,100
958,09:35:12,$ 3353.04,100
959,09:35:11,$ 3352.35,100
960,09:35:10,$ 3351.85,100
961,09:35:10,$ 3351.46,100
962,09:35:09,$ 3351.85,100
963,09:35:09,$ 3350.84,100
964,09:35:09,$ 3350.86,100
965,09:35:09,$ 3350.89,100
967,09:35:09,$ 3349.835,100
968,09:35:08,$ 3349.845,100
969,09:35:08,$ 3349.845,200
970,09:35:08,$ 3349.425,400
971,09:35:06,$ 3349.697,100
972,09:35:06,$ 3349.8894,100
973,09:35:03,$ 3350.10,100
974,09:35:00,$ 3351.77,100
975,09:34:59,$ 3351.75,100
976,09:34:59,$ 3351.865,100
977,09:34:59,$ 3351.985,100
978,09:34:59,$ 3351.84,100
979,09:34:58,$ 3352.0006,100
980,09:34:57,$ 3352.37,100
981,09:34:57,$ 3352.84,100
982,09:34:57,$ 3352.84,152
983,09:34:57,$ 3352.86,100
984,09:34:57,$ 3352.87,100
985,09:34:57,$ 3352.78,100
986,09:34:54,$ 3351.895,100
988,09:34:53,$ 3351.74,100
989,09:34:53,$ 3353.09,100
990,09:34:53,$ 3352.47,100
991,09:34:52,$ 3353.54,100
992,09:34:52,$ 3353.21,200
993,09:34:52,$ 3353.20,100
994,09:34:52,$ 3353.20,100
995,09:34:52,$ 3353.20,100
996,09:34:49,$ 3353.2001,100
997,09:34:47,$ 3353.40,100
998,09:34:47,$ 3353.72,100
999,09:34:47,$ 3354.02,300
1000,09:34:46,$ 3354.20,331
1001,09:34:46,$ 3354.20,100
1002,09:34:46,$ 3354.20,169
1003,09:34:46,$ 3354.20,400
1004,09:34:45,$ 3354.61,200
1005,09:34:33,$ 3355.895,200
1006,09:34:33,$ 3355.49,100
1007,09:34:33,$ 3356.00,100
1009,09:34:33,$ 3355.66,100
1010,09:34:31,$ 3356.3421,100
1011,09:34:30,$ 3356.09,100
1012,09:34:30,$ 3356.16,100
1013,09:34:29,$ 3355.84,100
1014,09:34:25,$ 3355.77,100
1015,09:34:24,$ 3355.63,100
1016,09:34:22,$ 3355.34,100
1017,09:34:22,$ 3355.46,100
1018,09:34:22,$ 3355.335,100
1019,09:34:21,$ 3355.85,100
1020,09:34:21,$ 3355.58,100
1021,09:34:20,$ 3354.89,100
1022,09:34:19,$ 3355.52,270
1023,09:34:19,$ 3355.525,100
1024,09:34:19,$ 3355.79,100
1025,09:34:15,$ 3356.21,100
1026,09:34:15,$ 3356.20,100
1027,09:34:14,$ 3356.028,100
1028,09:34:13,$ 3356.00,100
1030,09:34:12,$ 3355.51,100
1031,09:34:12,$ 3355.10,200
1032,09:34:11,$ 3355.105,100
1033,09:34:11,$ 3355.00,242
1034,09:34:11,$ 3355.00,100
1035,09:34:11,$ 3355.00,"1,378"
1036,09:34:11,$ 3355.00,100
1037,09:34:11,$ 3355.00,100
1038,09:34:11,$ 3355.00,100
1039,09:34:10,$ 3354.85,100
1040,09:34:10,$ 3354.44,100
1041,09:34:07,$ 3354.32,100
1042,09:34:07,$ 3355.00,134
1043,09:34:06,$ 3353.6597,500
1044,09:34:06,$ 3353.4555,100
1045,09:34:03,$ 3353.66,100
1046,09:34:01,$ 3352.46,100
1047,09:34:01,$ 3352.96,100
1048,09:34:01,$ 3352.99,100
1049,09:34:00,$ 3351.69,100
1051,09:34:00,$ 3351.60,100
1052,09:33:53,$ 3351.415,100
1053,09:33:53,$ 3350.15,100
1054,09:33:52,$ 3352.176,100
1055,09:33:52,$ 3352.00,100
1056,09:33:50,$ 3350.90,100
1057,09:33:50,$ 3350.94,100
1058,09:33:50,$ 3350.95,100
1059,09:33:50,$ 3350.205,100
1060,09:33:50,$ 3350.205,200
1061,09:33:49,$ 3350.40,100
1062,09:33:48,$ 3350.90,250
1063,09:33:48,$ 3350.135,100
1064,09:33:47,$ 3350.22,100
1065,09:33:47,$ 3350.28,100
1066,09:33:47,$ 3350.00,100
1067,09:33:47,$ 3350.46,100
1068,09:33:45,$ 3350.31,100
1069,09:33:40,$ 3352.225,100
1070,09:33:40,$ 3352.225,100
1072,09:33:40,$ 3352.225,200
1073,09:33:40,$ 3352.225,100
1074,09:33:38,$ 3351.40,100
1075,09:33:37,$ 3351.31,157
1076,09:33:37,$ 3351.26,100
1077,09:33:32,$ 3351.015,100
1078,09:33:32,$ 3351.015,100
1079,09:33:32,$ 3351.015,100
1080,09:33:32,$ 3351.015,100
1081,09:33:32,$ 3351.9899,100
1082,09:33:31,$ 3351.0175,100
1083,09:33:31,$ 3351.01,100
1084,09:33:31,$ 3351.015,100
1085,09:33:31,$ 3351.92,100
1086,09:33:31,$ 3351.025,100
1087,09:33:31,$ 3351.01,100
1088,09:33:30,$ 3351.9799,100
1089,09:33:30,$ 3350.93,100
1090,09:33:28,$ 3350.90,107
1091,09:33:28,$ 3350.84,100
1093,09:33:27,$ 3350.415,100
1094,09:33:27,$ 3350.00,100
1095,09:33:27,$ 3350.005,100
1096,09:33:27,$ 3350.00,100
1097,09:33:27,$ 3350.00,100
1098,09:33:27,$ 3350.79,100
1099,09:33:26,$ 3350.71,100
1100,09:33:26,$ 3350.00,100
1101,09:33:25,$ 3349.5239,100
1102,09:33:25,$ 3349.4161,100
1103,09:33:25,$ 3350.42,100
1104,09:33:24,$ 3349.56,100
1105,09:33:24,$ 3349.75,100
1106,09:33:23,$ 3350.25,100
1107,09:33:20,$ 3349.22,100
1108,09:33:19,$ 3349.895,100
1109,09:33:19,$ 3349.64,100
1110,09:33:18,$ 3350.00,500
1111,09:33:18,$ 3349.89,100
1112,09:33:18,$ 3349.87,195
1114,09:33:18,$ 3349.635,300
1115,09:33:14,$ 3349.13,100
1116,09:33:13,$ 3349.7499,100
1117,09:33:07,$ 3350.49,100
1118,09:33:07,$ 3350.56,133
1119,09:33:07,$ 3350.17,100
1120,09:33:07,$ 3350.00,200
1121,09:33:06,$ 3349.97,190
1122,09:33:05,$ 3349.39,100
1123,09:33:05,$ 3349.98,200
1124,09:33:05,$ 3349.83,100
1125,09:33:05,$ 3349.06,100
1126,09:33:02,$ 3349.115,100
1127,09:33:02,$ 3349.47,100
1128,09:33:02,$ 3350.00,100
1129,09:33:01,$ 3350.00,100
1130,09:33:01,$ 3350.035,100
1131,09:33:01,$ 3350.035,100
1132,09:33:00,$ 3350.00,100
1133,09:33:00,$ 3350.00,100
1135,09:33:18,$ 3349.635,300
1136,09:33:14,$ 3349.13,100
1137,09:33:13,$ 3349.7499,100
1138,09:33:07,$ 3350.49,100
1139,09:33:07,$ 3350.56,133
1140,09:33:07,$ 3350.17,100
1141,09:33:07,$ 3350.00,200
1142,09:33:06,$ 3349.97,190
1143,09:33:05,$ 3349.39,100
1144,09:33:05,$ 3349.98,200
1145,09:33:05,$ 3349.83,100
1146,09:33:05,$ 3349.06,100
1147,09:33:02,$ 3349.115,100
1148,09:33:02,$ 3349.47,100
1149,09:33:02,$ 3350.00,100
1150,09:33:01,$ 3350.00,100
1151,09:33:01,$ 3350.035,100
1152,09:33:01,$ 3350.035,100
1153,09:33:00,$ 3350.00,100
1154,09:33:00,$ 3350.00,100
1156,09:32:52,$ 3349.86,191
1157,09:32:49,$ 3349.43,100
1158,09:32:48,$ 3348.93,100
1159,09:32:46,$ 3349.82,267
1160,09:32:46,$ 3349.68,100
1161,09:32:46,$ 3349.68,100
1162,09:32:44,$ 3349.08,150
1163,09:32:37,$ 3349.04,200
1164,09:32:37,$ 3349.49,100
1165,09:32:37,$ 3349.49,200
1166,09:32:37,$ 3349.40,100
1167,09:32:36,$ 3349.12,200
1168,09:32:36,$ 3349.41,100
1169,09:32:36,$ 3349.41,100
1170,09:32:36,$ 3349.1882,250
1171,09:32:32,$ 3349.805,100
1172,09:32:31,$ 3349.8391,100
1173,09:32:30,$ 3350.15,100
1174,09:32:30,$ 3350.15,100
1175,09:32:30,$ 3350.15,100
1177,09:32:29,$ 3349.53,100
1178,09:32:29,$ 3350.489,100
1179,09:32:29,$ 3350.495,100
1180,09:32:29,$ 3350.00,100
1181,09:32:29,$ 3350.00,100
1182,09:32:29,$ 3350.50,100
1183,09:32:29,$ 3350.00,100
1184,09:32:29,$ 3350.73,100
1185,09:32:29,$ 3349.735,100
1186,09:32:29,$ 3349.735,100
1187,09:32:28,$ 3350.792,100
1188,09:32:28,$ 3350.792,100
1189,09:32:27,$ 3350.00,100
1190,09:32:27,$ 3350.32,100
1191,09:32:27,$ 3350.32,100
1192,09:32:26,$ 3350.74,100
1193,09:32:26,$ 3350.19,100
1194,09:32:26,$ 3350.729,300
1195,09:32:26,$ 3350.32,100
1196,09:32:26,$ 3350.19,200
1198,09:33:00,$ 3350.00,100
1199,09:33:00,$ 3350.00,100
1200,09:33:00,$ 3350.68,100
1201,09:32:59,$ 3350.00,100
1202,09:32:59,$ 3350.00,100
1203,09:32:59,$ 3350.00,100
1204,09:32:59,$ 3350.00,100
1205,09:32:59,$ 3350.00,100
1206,09:32:58,$ 3350.00,100
1207,09:32:57,$ 3350.27,100
1208,09:32:57,$ 3350.11,100
1209,09:32:57,$ 3349.555,400
1210,09:32:53,$ 3350.00,100
1211,09:32:53,$ 3350.00,100
1212,09:32:53,$ 3350.00,100
1213,09:32:53,$ 3349.95,100
1214,09:32:53,$ 3349.95,100
1215,09:32:53,$ 3349.95,100
1216,09:32:53,$ 3349.89,100
1217,09:32:52,$ 3349.86,100
1219,09:32:14,$ 3348.79,100
1220,09:32:14,$ 3350.00,100
1221,09:32:14,$ 3350.12,200
1222,09:32:14,$ 3349.945,400
1223,09:32:14,$ 3349.95,100
1224,09:32:14,$ 3350.00,347
1225,09:32:14,$ 3350.00,100
1226,09:32:14,$ 3350.00,100
1227,09:32:14,$ 3349.96,100
1228,09:32:14,$ 3349.90,100
1229,09:32:14,$ 3349.84,100
1230,09:32:14,$ 3349.89,100
1231,09:32:14,$ 3349.865,100
1232,09:32:14,$ 3349.73,100
1233,09:32:14,$ 3349.73,100
1234,09:32:14,$ 3349.67,100
1235,09:32:14,$ 3349.72,100
1236,09:32:14,$ 3349.68,100
1237,09:32:14,$ 3349.639,200
1238,09:32:14,$ 3349.24,100
1240,09:32:14,$ 3349.29,100
1241,09:32:14,$ 3348.98,100
1242,09:32:14,$ 3348.84,100
1243,09:32:14,$ 3348.93,100
1244,09:32:14,$ 3348.71,100
1245,09:32:14,$ 3348.69,145
1246,09:32:14,$ 3348.68,100
1247,09:32:14,$ 3348.69,100
1248,09:32:14,$ 3348.387,200
1249,09:32:14,$ 3348.00,200
1250,09:32:13,$ 3346.59,100
1251,09:32:13,$ 3346.59,200
1252,09:32:13,$ 3347.40,100
1253,09:32:13,$ 3346.80,200
1254,09:32:13,$ 3346.85,100
1255,09:32:13,$ 3346.41,100
1256,09:32:13,$ 3347.17,100
1257,09:32:12,$ 3347.745,100
1258,09:32:12,$ 3347.46,200
1259,09:32:12,$ 3347.51,100
1261,09:32:12,$ 3347.46,100
1262,09:32:10,$ 3348.065,100
1263,09:32:10,$ 3348.065,500
1264,09:32:09,$ 3348.075,100
1265,09:32:09,$ 3347.9797,150
1266,09:32:05,$ 3347.165,143
1267,09:32:05,$ 3347.98,100
1268,09:32:05,$ 3347.98,157
1269,09:32:05,$ 3347.97,100
1270,09:32:05,$ 3347.98,140
1271,09:32:05,$ 3347.98,100
1272,09:32:05,$ 3347.98,100
1273,09:32:05,$ 3347.98,100
1274,09:32:05,$ 3347.98,164
1275,09:31:55,$ 3346.50,100
1276,09:31:55,$ 3346.51,100
1277,09:31:55,$ 3345.6433,174
1278,09:31:55,$ 3346.16,100
1279,09:31:55,$ 3346.28,100
1280,09:31:54,$ 3345.645,100
1282,09:31:54,$ 3345.77,100
1283,09:31:54,$ 3345.77,100
1284,09:31:54,$ 3345.66,100
1285,09:31:54,$ 3345.77,100
1286,09:31:54,$ 3345.77,100
1287,09:31:54,$ 3345.77,100
1288,09:31:52,$ 3345.825,100
1289,09:31:52,$ 3345.825,100
1290,09:31:50,$ 3346.00,100
1291,09:31:49,$ 3345.48,200
1292,09:31:49,$ 3345.48,100
1293,09:31:46,$ 3345.02,100
1294,09:31:46,$ 3344.575,200
1295,09:31:45,$ 3344.88,100
1296,09:31:43,$ 3344.475,100
1297,09:31:43,$ 3345.32,100
1298,09:31:40,$ 3342.51,100
1299,09:31:40,$ 3344.96,100
1300,09:31:40,$ 3344.95,200
1301,09:31:39,$ 3342.51,100
1303,09:31:38,$ 3344.6206,300
1304,09:31:38,$ 3342.51,100
1305,09:31:37,$ 3343.23,200
1306,09:31:34,$ 3343.9197,268
1307,09:31:34,$ 3344.98,200
1308,09:31:34,$ 3345.02,100
1309,09:31:33,$ 3344.84,100
1310,09:31:32,$ 3344.9699,100
1311,09:31:31,$ 3344.84,100
1312,09:31:29,$ 3343.49,100
1313,09:31:29,$ 3343.49,100
1314,09:31:29,$ 3343.49,100
1315,09:31:28,$ 3343.00,401
1316,09:31:26,$ 3342.50,100
1317,09:31:25,$ 3343.25,100
1318,09:31:24,$ 3343.46,100
1319,09:31:24,$ 3343.24,100
1320,09:31:24,$ 3343.45,100
1321,09:31:17,$ 3341.12,119
1322,09:31:17,$ 3343.0225,100
1324,09:31:12,$ 3341.47,200
1325,09:31:12,$ 3341.51,100
1326,09:31:12,$ 3341.60,100
1327,09:31:12,$ 3341.56,100
1328,09:31:12,$ 3341.42,100
1329,09:31:11,$ 3342.04,100
1330,09:31:11,$ 3341.82,100
1331,09:31:11,$ 3341.47,200
1332,09:31:11,$ 3341.36,193
1333,09:31:11,$ 3341.36,100
1334,09:31:11,$ 3341.36,200
1335,09:31:11,$ 3341.51,100
1336,09:31:11,$ 3341.36,120
1337,09:31:10,$ 3342.00,100
1338,09:31:10,$ 3343.09,164
1339,09:31:10,$ 3342.21,200
1340,09:31:10,$ 3342.00,100
1341,09:31:10,$ 3342.00,100
1342,09:31:10,$ 3342.44,100
1343,09:31:05,$ 3343.6475,100
1345,09:31:03,$ 3343.86,100
1346,09:30:58,$ 3344.38,100
1347,09:30:58,$ 3344.363,100
1348,09:30:58,$ 3344.44,100
1349,09:30:57,$ 3345.97,"1,500"
1350,09:30:56,$ 3345.0398,125
1351,09:30:55,$ 3345.77,100
1352,09:30:55,$ 3346.51,100
1353,09:30:55,$ 3345.81,200
1354,09:30:55,$ 3345.81,100
1355,09:30:55,$ 3345.94,100
1356,09:30:51,$ 3344.481,100
1357,09:30:50,$ 3345.9608,100
1358,09:30:46,$ 3344.52,100
1359,09:30:45,$ 3345.00,300
1360,09:30:37,$ 3346.68,100
1361,09:30:37,$ 3345.9605,100
1362,09:30:37,$ 3345.845,100
1363,09:30:34,$ 3345.0001,104
1364,09:30:34,$ 3345.00,100
1366,09:30:34,$ 3345.40,100
1367,09:30:34,$ 3345.40,100
1368,09:30:34,$ 3345.38,100
1369,09:30:34,$ 3345.33,100
1370,09:30:34,$ 3345.02,100
1371,09:30:34,$ 3345.00,100
1372,09:30:34,$ 3345.655,100
1373,09:30:32,$ 3347.50,100
1374,09:30:32,$ 3347.50,100
1375,09:30:32,$ 3347.65,100
1376,09:30:31,$ 3347.965,600
1377,09:30:30,$ 3347.965,250
1378,09:30:28,$ 3347.575,100
1379,09:30:26,$ 3348.16,100
1380,09:30:17,$ 3348.55,100
1381,09:30:15,$ 3348.44,100
1382,09:30:13,$ 3348.86,100
1383,09:30:13,$ 3349.70,600
1384,09:30:10,$ 3349.11,400
1385,09:30:10,$ 3349.71,100
1387,09:30:10,$ 3349.555,200
1388,09:30:10,$ 3349.265,600
1389,09:30:10,$ 3349.11,100
1390,09:30:08,$ 3350.00,100
1391,09:30:08,$ 3349.80,100
1392,09:30:08,$ 3349.80,100
1393,09:30:08,$ 3349.80,100
1394,09:30:07,$ 3349.80,100
1395,09:30:07,$ 3349.80,100
1396,09:30:07,$ 3349.475,100
1397,09:30:05,$ 3349.80,100
1398,09:30:05,$ 3349.80,100
1399,09:30:05,$ 3349.80,100
1400,09:30:05,$ 3349.47,100
1401,09:30:05,$ 3349.74,100
1402,09:30:05,$ 3349.79,100
1403,09:30:05,$ 3349.155,200
1404,09:30:05,$ 3349.155,300
1405,09:30:05,$ 3349.15,100
1406,09:30:05,$ 3349.16,100
1408,09:30:04,$ 3349.80,100
1409,09:30:04,$ 3349.75,100
1410,09:30:04,$ 3348.83,100
1411,09:30:04,$ 3348.78,100
1412,09:30:03,$ 3349.80,100
1413,09:30:03,$ 3349.38,100
1414,09:30:03,$ 3349.415,100
1415,09:30:03,$ 3349.80,100
1416,09:30:03,$ 3349.80,100
1417,09:30:03,$ 3349.635,100
1418,09:30:03,$ 3349.80,100
1419,09:30:02,$ 3349.80,100
1420,09:30:02,$ 3349.61,7
1421,09:30:02,$ 3349.61,1
1422,09:30:02,$ 3349.61,2
1423,09:30:02,$ 3349.61,4
1424,09:30:02,$ 3349.61,10
1425,09:30:02,$ 3349.61,7
1426,09:30:02,$ 3349.61,5
1427,09:30:02,$ 3349.61,2
1429,09:30:02,$ 3349.61,1
1430,09:30:02,$ 3349.61,1
1431,09:30:02,$ 3349.61,50
1432,09:30:02,$ 3349.61,2
1433,09:30:02,$ 3349.61,5
1434,09:30:02,$ 3349.61,10
1435,09:30:02,$ 3349.61,1
1436,09:30:02,$ 3349.61,4
1437,09:30:02,$ 3349.61,1
1438,09:30:02,$ 3349.61,1
1439,09:30:02,$ 3349.61,2
1440,09:30:02,$ 3349.61,3
1441,09:30:02,$ 3349.61,10
1442,09:30:02,$ 3349.61,6
1443,09:30:02,$ 3349.61,1
1444,09:30:02,$ 3349.61,1
1445,09:30:02,$ 3349.61,250
1446,09:30:02,$ 3349.61,1
1447,09:30:02,$ 3349.61,4
1448,09:30:02,$ 3349.61,1
1450,09:30:02,$ 3349.61,100
1451,09:30:02,$ 3349.61,5
1452,09:30:02,$ 3349.61,5
1453,09:30:02,$ 3349.61,10
1454,09:30:02,$ 3349.61,6
1455,09:30:02,$ 3349.61,1
1456,09:30:02,$ 3349.61,2
1457,09:30:02,$ 3349.61,1
1458,09:30:02,$ 3349.61,12
1459,09:30:02,$ 3349.61,15
1460,09:30:02,$ 3349.61,1
1461,09:30:02,$ 3349.61,8
1462,09:30:02,$ 3349.61,20
1463,09:30:02,$ 3349.61,1
1464,09:30:02,$ 3349.61,1
1465,09:30:02,$ 3349.61,1
1466,09:30:02,$ 3349.61,7
1467,09:30:02,$ 3349.61,15
1468,09:30:02,$ 3349.61,90
1469,09:30:02,$ 3349.61,5
1471,09:30:02,$ 3349.61,2
1472,09:30:02,$ 3349.61,1
1473,09:30:02,$ 3349.61,3
1474,09:30:02,$ 3349.61,1
1475,09:30:02,$ 3349.61,4
1476,09:30:02,$ 3349.61,1
1477,09:30:02,$ 3349.61,1
1478,09:30:02,$ 3349.61,3
1479,09:30:02,$ 3349.61,2
1480,09:30:02,$ 3349.61,3
1481,09:30:02,$ 3349.61,6
1482,09:30:02,$ 3349.61,39
1483,09:30:02,$ 3349.61,2
1484,09:30:02,$ 3349.61,1
1485,09:30:02,$ 3349.61,3
1486,09:30:02,$ 3349.61,2
1487,09:30:02,$ 3349.61,10
1488,09:30:02,$ 3349.61,3
1489,09:30:02,$ 3349.61,5
1490,09:30:02,$ 3349.61,1
1492,09:30:02,$ 3349.61,15
1493,09:30:02,$ 3349.61,15
1494,09:30:02,$ 3349.61,1
1495,09:30:02,$ 3349.61,1
1496,09:30:02,$ 3349.61,2
1497,09:30:02,$ 3349.61,25
1498,09:30:02,$ 3349.61,5
1499,09:30:02,$ 3349.61,1
1500,09:30:02,$ 3349.61,1
1501,09:30:02,$ 3349.61,20
1502,09:30:02,$ 3349.61,6
1503,09:30:02,$ 3349.61,2
1504,09:30:02,$ 3349.61,2
1505,09:30:02,$ 3349.61,10
1506,09:30:02,$ 3349.61,1
1507,09:30:02,$ 3349.61,30
1508,09:30:02,$ 3349.61,2
1509,09:30:02,$ 3349.61,10
1510,09:30:02,$ 3349.61,4
1511,09:30:02,$ 3349.61,2
1513,09:30:02,$ 3349.61,1
1514,09:30:02,$ 3349.61,5
1515,09:30:02,$ 3349.61,3
1516,09:30:02,$ 3349.61,5
1517,09:30:02,$ 3349.61,1
1518,09:30:02,$ 3349.61,1
1519,09:30:02,$ 3349.61,2
1520,09:30:02,$ 3349.61,1
1521,09:30:02,$ 3349.61,2
1522,09:30:02,$ 3349.61,1
1523,09:30:02,$ 3349.61,3
1524,09:30:02,$ 3349.61,1
1525,09:30:02,$ 3349.61,1
1526,09:30:02,$ 3349.61,2
1527,09:30:02,$ 3349.61,1
1528,09:30:02,$ 3349.61,5
1529,09:30:02,$ 3349.61,2
1530,09:30:02,$ 3349.61,3
1531,09:30:02,$ 3349.61,2
1532,09:30:02,$ 3349.61,3
1534,09:30:02,$ 3349.61,6
1535,09:30:02,$ 3349.61,2
1536,09:30:02,$ 3349.61,10
1537,09:30:02,$ 3349.61,2
1538,09:30:02,$ 3349.61,1
1539,09:30:02,$ 3349.61,5
1540,09:30:02,$ 3349.61,3
1541,09:30:02,$ 3349.61,1
1542,09:30:02,$ 3349.61,3
1543,09:30:02,$ 3349.61,1
1544,09:30:02,$ 3349.61,1
1545,09:30:02,$ 3349.61,1
1546,09:30:02,$ 3349.61,1
1547,09:30:02,$ 3349.61,1
1548,09:30:02,$ 3349.61,4
1549,09:30:02,$ 3349.61,3
1550,09:30:02,$ 3349.61,1
1551,09:30:02,$ 3349.61,1
1552,09:30:02,$ 3349.61,15
1553,09:30:02,$ 3349.61,1
1555,09:30:02,$ 3349.61,1
1556,09:30:02,$ 3349.61,3
1557,09:30:02,$ 3349.61,3
1558,09:30:02,$ 3349.61,15
1559,09:30:02,$ 3349.61,1
1560,09:30:02,$ 3349.61,2
1561,09:30:02,$ 3349.61,1
1562,09:30:02,$ 3349.61,1
1563,09:30:02,$ 3349.61,3
1564,09:30:02,$ 3349.61,6
1565,09:30:02,$ 3349.61,6
1566,09:30:02,$ 3349.61,10
1567,09:30:02,$ 3349.61,1
1568,09:30:02,$ 3349.61,10
1569,09:30:02,$ 3349.61,9
1570,09:30:02,$ 3349.61,14
1571,09:30:02,$ 3349.61,7
1572,09:30:02,$ 3349.61,2
1573,09:30:02,$ 3349.61,1
1574,09:30:02,$ 3349.61,1
1576,09:30:02,$ 3349.61,2
1577,09:30:02,$ 3349.61,1
1578,09:30:02,$ 3349.61,1
1579,09:30:02,$ 3349.61,13
1580,09:30:02,$ 3349.61,5
1581,09:30:02,$ 3349.61,1
1582,09:30:02,$ 3349.61,6
1583,09:30:02,$ 3349.61,8
1584,09:30:02,$ 3349.61,5
1585,09:30:02,$ 3349.61,27
1586,09:30:02,$ 3349.61,1
1587,09:30:02,$ 3349.61,6
1588,09:30:02,$ 3349.61,1
1589,09:30:02,$ 3349.61,17
1590,09:30:02,$ 3349.61,5
1591,09:30:02,$ 3349.61,5
1592,09:30:02,$ 3349.61,1
1593,09:30:02,$ 3349.61,7
1594,09:30:02,$ 3349.61,10
1595,09:30:02,$ 3349.61,15
1597,09:30:02,$ 3349.61,1
1598,09:30:02,$ 3349.61,184
1599,09:30:02,$ 3349.61,96
1600,09:30:02,$ 3349.61,3
1601,09:30:02,$ 3349.61,20
1602,09:30:02,$ 3349.61,10
1603,09:30:02,$ 3349.61,2
1604,09:30:02,$ 3349.61,7
1605,09:30:02,$ 3349.61,10
1606,09:30:02,$ 3349.61,1
1607,09:30:02,$ 3349.61,1
1608,09:30:02,$ 3349.61,1
1609,09:30:02,$ 3349.61,2
1610,09:30:02,$ 3349.61,2
1611,09:30:02,$ 3349.61,1
1612,09:30:02,$ 3349.61,5
1613,09:30:02,$ 3349.61,100
1614,09:30:02,$ 3349.61,1
1615,09:30:02,$ 3349.61,10
1616,09:30:02,$ 3349.61,1
1618,09:30:02,$ 3349.61,3
1619,09:30:02,$ 3349.61,8
1620,09:30:02,$ 3349.61,2
1621,09:30:02,$ 3349.61,1
1622,09:30:02,$ 3349.61,1
1623,09:30:02,$ 3349.61,3
1624,09:30:02,$ 3349.61,2
1625,09:30:02,$ 3349.61,3
1626,09:30:02,$ 3349.61,1
1627,09:30:02,$ 3349.61,3
1628,09:30:02,$ 3349.61,1
1629,09:30:02,$ 3349.61,4
1630,09:30:02,$ 3349.61,1
1631,09:30:02,$ 3349.61,2
1632,09:30:02,$ 3349.61,2
1633,09:30:02,$ 3349.61,1
1634,09:30:02,$ 3349.61,2
1635,09:30:02,$ 3349.61,2
1636,09:30:02,$ 3349.61,10
1637,09:30:02,$ 3349.61,4
1639,09:30:02,$ 3349.61,10
1640,09:30:02,$ 3349.61,4
1641,09:30:02,$ 3349.61,8
1642,09:30:02,$ 3349.61,"2,000"
1643,09:30:02,$ 3349.61,5
1644,09:30:02,$ 3349.61,1
1645,09:30:02,$ 3349.61,1
1646,09:30:02,$ 3349.61,1
1647,09:30:02,$ 3349.61,1
1648,09:30:02,$ 3349.61,3
1649,09:30:02,$ 3349.61,4
1650,09:30:02,$ 3349.61,1
1651,09:30:02,$ 3349.61,1
1652,09:30:02,$ 3349.61,10
1653,09:30:02,$ 3349.61,2
1654,09:30:02,$ 3349.61,1
1655,09:30:02,$ 3349.61,3
1656,09:30:02,$ 3349.61,2
1657,09:30:02,$ 3349.61,2
1658,09:30:02,$ 3349.61,1
1660,09:30:02,$ 3349.61,1
1661,09:30:02,$ 3349.61,10
1662,09:30:02,$ 3349.61,2
1663,09:30:02,$ 3349.61,1
1664,09:30:02,$ 3349.61,1
1665,09:30:02,$ 3349.61,24
1666,09:30:02,$ 3349.61,1
1667,09:30:02,$ 3349.61,1
1668,09:30:02,$ 3349.61,2
1669,09:30:02,$ 3349.61,2
1670,09:30:02,$ 3349.61,3
1671,09:30:02,$ 3349.61,15
1672,09:30:02,$ 3349.61,11
1673,09:30:02,$ 3349.61,2
1674,09:30:02,$ 3349.61,22
1675,09:30:02,$ 3349.61,109
1676,09:30:02,$ 3349.61,1
1677,09:30:02,$ 3349.61,3
1678,09:30:02,$ 3349.61,3
1679,09:30:02,$ 3349.61,3
1681,09:30:02,$ 3349.61,1
1682,09:30:02,$ 3349.61,4
1683,09:30:02,$ 3349.61,50
1684,09:30:02,$ 3349.61,16
1685,09:30:02,$ 3349.61,8
1686,09:30:02,$ 3349.61,2
1687,09:30:02,$ 3349.61,1
1688,09:30:02,$ 3349.61,3
1689,09:30:02,$ 3349.61,1
1690,09:30:02,$ 3349.61,6
1691,09:30:02,$ 3349.61,44
1692,09:30:02,$ 3349.61,3
1693,09:30:02,$ 3349.61,5
1694,09:30:02,$ 3349.61,20
1695,09:30:02,$ 3349.61,2
1696,09:30:02,$ 3349.61,1
1697,09:30:02,$ 3349.61,2
1698,09:30:02,$ 3349.61,8
1699,09:30:02,$ 3349.61,1
1700,09:30:02,$ 3349.61,1
1702,09:30:02,$ 3349.61,50
1703,09:30:02,$ 3349.61,1
1704,09:30:02,$ 3349.61,5
1705,09:30:02,$ 3349.61,2
1706,09:30:02,$ 3349.61,2
1707,09:30:02,$ 3349.61,6
1708,09:30:02,$ 3349.61,11
1709,09:30:02,$ 3349.61,1
1710,09:30:02,$ 3349.61,2
1711,09:30:02,$ 3349.61,2
1712,09:30:02,$ 3349.61,2
1713,09:30:02,$ 3349.61,53
1714,09:30:02,$ 3349.61,5
1715,09:30:02,$ 3349.61,7
1716,09:30:02,$ 3349.61,30
1717,09:30:02,$ 3349.61,1
1718,09:30:02,$ 3349.61,13
1719,09:30:02,$ 3349.61,4
1720,09:30:02,$ 3349.61,15
1721,09:30:02,$ 3349.61,2
1723,09:30:02,$ 3349.61,1
1724,09:30:02,$ 3349.61,6
1725,09:30:02,$ 3349.61,5
1726,09:30:02,$ 3349.61,1
1727,09:30:02,$ 3349.61,1
1728,09:30:02,$ 3349.61,3
1729,09:30:02,$ 3349.61,1
1730,09:30:02,$ 3349.61,1
1731,09:30:02,$ 3349.61,9
1732,09:30:02,$ 3349.61,1
1733,09:30:02,$ 3349.61,100
1734,09:30:02,$ 3349.61,1
1735,09:30:02,$ 3349.61,10
1736,09:30:02,$ 3349.61,1
1737,09:30:02,$ 3349.61,1
1738,09:30:02,$ 3349.61,1
1739,09:30:02,$ 3349.61,100
1740,09:30:02,$ 3349.61,3
1741,09:30:02,$ 3349.61,1
1742,09:30:02,$ 3349.61,5
1744,09:30:02,$ 3349.61,1
1745,09:30:02,$ 3349.61,3
1746,09:30:02,$ 3349.61,50
1747,09:30:02,$ 3349.61,1
1748,09:30:02,$ 3349.61,1
1749,09:30:02,$ 3349.61,3
1750,09:30:02,$ 3349.61,2
1751,09:30:02,$ 3349.61,5
1752,09:30:02,$ 3349.61,10
1753,09:30:02,$ 3349.61,3
1754,09:30:02,$ 3349.61,1
1755,09:30:02,$ 3349.61,1
1756,09:30:02,$ 3349.61,1
1757,09:30:02,$ 3349.61,2
1758,09:30:02,$ 3349.61,6
1759,09:30:02,$ 3349.61,1
1760,09:30:02,$ 3349.61,5
1761,09:30:02,$ 3349.61,3
1762,09:30:02,$ 3349.61,5
1763,09:30:02,$ 3349.61,3
1765,09:30:02,$ 3349.61,1
1766,09:30:02,$ 3349.61,5
1767,09:30:02,$ 3349.61,1
1768,09:30:02,$ 3349.61,1
1769,09:30:02,$ 3349.61,4
1770,09:30:02,$ 3349.61,3
1771,09:30:02,$ 3349.61,1
1772,09:30:02,$ 3349.61,1
1773,09:30:02,$ 3349.61,3
1774,09:30:02,$ 3349.61,1
1775,09:30:02,$ 3349.61,1
1776,09:30:02,$ 3349.61,2
1777,09:30:02,$ 3349.61,1
1778,09:30:02,$ 3349.61,1
1779,09:30:02,$ 3349.61,4
1780,09:30:02,$ 3349.61,3
1781,09:30:02,$ 3349.61,2
1782,09:30:02,$ 3349.61,2
1783,09:30:02,$ 3349.61,1
1784,09:30:02,$ 3349.61,7
1786,09:30:02,$ 3349.61,3
1787,09:30:02,$ 3349.61,1
1788,09:30:02,$ 3349.61,1
1789,09:30:02,$ 3349.61,1
1790,09:30:02,$ 3349.61,2
1791,09:30:02,$ 3349.61,3
1792,09:30:02,$ 3349.61,1
1793,09:30:02,$ 3349.61,1
1794,09:30:02,$ 3349.61,1
1795,09:30:02,$ 3349.61,1
1796,09:30:02,$ 3349.61,1
1797,09:30:02,$ 3349.61,2
1798,09:30:02,$ 3349.61,1
1799,09:30:02,$ 3349.61,1
1800,09:30:02,$ 3349.61,1
1801,09:30:02,$ 3349.61,5
1802,09:30:02,$ 3349.61,1
1803,09:30:02,$ 3349.61,2
1804,09:30:02,$ 3349.61,1
1805,09:30:02,$ 3349.61,10
1807,09:30:02,$ 3349.61,1
1808,09:30:02,$ 3349.61,15
1809,09:30:02,$ 3349.61,1
1810,09:30:02,$ 3349.61,1
1811,09:30:02,$ 3349.61,2
1812,09:30:02,$ 3349.61,2
1813,09:30:02,$ 3349.61,2
1814,09:30:02,$ 3349.61,2
1815,09:30:02,$ 3349.61,20
1816,09:30:02,$ 3349.61,6
1817,09:30:02,$ 3349.61,29
1818,09:30:02,$ 3349.61,4
1819,09:30:02,$ 3349.61,4
1820,09:30:02,$ 3349.61,2
1821,09:30:02,$ 3349.61,1
1822,09:30:02,$ 3349.61,1
1823,09:30:02,$ 3349.61,1
1824,09:30:02,$ 3349.61,10
1825,09:30:02,$ 3349.61,2
1826,09:30:02,$ 3349.61,1
1828,09:30:02,$ 3349.61,20
1829,09:30:02,$ 3349.61,4
1830,09:30:02,$ 3349.61,1
1831,09:30:02,$ 3349.61,1
1832,09:30:02,$ 3349.61,1
1833,09:30:02,$ 3349.61,1
1834,09:30:02,$ 3349.61,1
1835,09:30:02,$ 3349.61,1
1836,09:30:02,$ 3349.61,1
1837,09:30:02,$ 3349.61,1
1838,09:30:02,$ 3349.61,4
1839,09:30:02,$ 3349.61,6
1840,09:30:02,$ 3349.61,3
1841,09:30:02,$ 3349.61,4
1842,09:30:02,$ 3349.61,14
1843,09:30:02,$ 3349.61,1
1844,09:30:02,$ 3349.61,1
1845,09:30:02,$ 3349.61,1
1846,09:30:02,$ 3349.61,2
1847,09:30:02,$ 3349.61,12
1849,09:30:02,$ 3349.61,3
1850,09:30:02,$ 3349.61,1
1851,09:30:02,$ 3349.61,1
1852,09:30:02,$ 3349.61,2
1853,09:30:02,$ 3349.61,1
1854,09:30:02,$ 3349.61,2
1855,09:30:02,$ 3349.61,5
1856,09:30:02,$ 3349.61,11
1857,09:30:02,$ 3349.61,3
1858,09:30:02,$ 3349.61,1
1859,09:30:02,$ 3349.61,1
1860,09:30:02,$ 3349.61,1
1861,09:30:02,$ 3349.61,3
1862,09:30:02,$ 3349.61,2
1863,09:30:02,$ 3349.61,3
1864,09:30:02,$ 3349.61,2
1865,09:30:02,$ 3349.61,15
1866,09:30:02,$ 3349.61,1
1867,09:30:02,$ 3349.61,8
1868,09:30:02,$ 3349.61,1
1870,09:30:02,$ 3349.61,1
1871,09:30:02,$ 3349.61,1
1872,09:30:02,$ 3349.61,2
1873,09:30:02,$ 3349.61,1
1874,09:30:02,$ 3349.61,10
1875,09:30:02,$ 3349.61,86
1876,09:30:02,$ 3349.61,5
1877,09:30:02,$ 3349.61,8
1878,09:30:02,$ 3349.61,2
1879,09:30:02,$ 3349.61,8
1880,09:30:02,$ 3349.61,350
1881,09:30:02,$ 3349.61,30
1882,09:30:02,$ 3349.61,2
1883,09:30:02,$ 3349.61,1
1884,09:30:02,$ 3349.61,4
1885,09:30:02,$ 3349.61,1
1886,09:30:02,$ 3349.61,1
1887,09:30:02,$ 3349.61,10
1888,09:30:02,$ 3349.61,1
1889,09:30:02,$ 3349.61,33
1891,09:30:02,$ 3349.61,2
1892,09:30:02,$ 3349.61,10
1893,09:30:02,$ 3349.61,75
1894,09:30:02,$ 3349.61,1
1895,09:30:02,$ 3349.61,2
1896,09:30:02,$ 3349.61,12
1897,09:30:02,$ 3349.61,25
1898,09:30:02,$ 3349.61,1
1899,09:30:02,$ 3349.61,2
1900,09:30:02,$ 3349.61,2
1901,09:30:02,$ 3349.61,1
1902,09:30:02,$ 3349.61,1
1903,09:30:02,$ 3349.61,14
1904,09:30:02,$ 3349.61,20
1905,09:30:02,$ 3349.61,3
1906,09:30:02,$ 3349.61,1
1907,09:30:02,$ 3349.61,5
1908,09:30:02,$ 3349.61,5
1909,09:30:02,$ 3349.61,1
1910,09:30:02,$ 3349.61,1
1912,09:30:02,$ 3349.61,7
1913,09:30:02,$ 3349.61,2
1914,09:30:02,$ 3349.61,3
1915,09:30:02,$ 3349.61,3
1916,09:30:02,$ 3349.61,1
1917,09:30:02,$ 3349.61,1
1918,09:30:02,$ 3349.61,2
1919,09:30:02,$ 3349.61,15
1920,09:30:02,$ 3349.61,8
1921,09:30:02,$ 3349.61,2
1922,09:30:02,$ 3349.61,1
1923,09:30:02,$ 3349.61,1
1924,09:30:02,$ 3349.61,1
1925,09:30:02,$ 3349.61,1
1926,09:30:02,$ 3349.61,1
1927,09:30:02,$ 3349.61,5
1928,09:30:02,$ 3349.61,1
1929,09:30:02,$ 3349.61,1
1930,09:30:02,$ 3349.61,6
1931,09:30:02,$ 3349.61,1
1933,09:30:02,$ 3349.61,15
1934,09:30:02,$ 3349.61,6
1935,09:30:02,$ 3349.61,1
1936,09:30:02,$ 3349.61,30
1937,09:30:02,$ 3349.61,1
1938,09:30:02,$ 3349.61,2
1939,09:30:02,$ 3349.61,1
1940,09:30:02,$ 3349.61,4
1941,09:30:02,$ 3349.61,1
1942,09:30:02,$ 3349.61,1
1943,09:30:02,$ 3349.61,1
1944,09:30:02,$ 3349.61,1
1945,09:30:02,$ 3349.61,2
1946,09:30:02,$ 3349.61,60
1947,09:30:02,$ 3349.61,3
1948,09:30:02,$ 3349.61,1
1949,09:30:02,$ 3349.61,14
1950,09:30:02,$ 3349.61,1
1951,09:30:02,$ 3349.61,1
1952,09:30:02,$ 3349.61,1
1954,09:30:02,$ 3349.61,1
1955,09:30:02,$ 3349.61,75
1956,09:30:02,$ 3349.61,3
1957,09:30:02,$ 3349.61,1
1958,09:30:02,$ 3349.61,1
1959,09:30:02,$ 3349.61,1
1960,09:30:02,$ 3349.61,1
1961,09:30:02,$ 3349.61,10
1962,09:30:02,$ 3349.61,1
1963,09:30:02,$ 3349.61,2
1964,09:30:02,$ 3349.61,2
1965,09:30:02,$ 3349.61,1
1966,09:30:02,$ 3349.61,1
1967,09:30:02,$ 3349.61,5
1968,09:30:02,$ 3349.61,1
1969,09:30:02,$ 3349.61,1
1970,09:30:02,$ 3349.61,1
1971,09:30:02,$ 3349.61,1
1972,09:30:02,$ 3349.61,1
1973,09:30:02,$ 3349.61,1
1975,09:30:02,$ 3349.61,21
1976,09:30:02,$ 3349.61,1
1977,09:30:02,$ 3349.61,6
1978,09:30:02,$ 3349.61,1
1979,09:30:02,$ 3349.61,1
1980,09:30:02,$ 3349.61,3
1981,09:30:02,$ 3349.61,1
1982,09:30:02,$ 3349.61,14
1983,09:30:02,$ 3349.61,1
1984,09:30:02,$ 3349.61,2
1985,09:30:02,$ 3349.61,20
1986,09:30:02,$ 3349.61,20
1987,09:30:02,$ 3349.61,1
1988,09:30:02,$ 3349.61,1
1989,09:30:02,$ 3349.61,2
1990,09:30:02,$ 3349.61,20
1991,09:30:02,$ 3349.61,2
1992,09:30:02,$ 3349.61,6
1993,09:30:02,$ 3349.61,5
1994,09:30:02,$ 3349.61,8
1996,09:30:02,$ 3349.61,3
1997,09:30:02,$ 3349.61,30
1998,09:30:02,$ 3349.61,2
1999,09:30:02,$ 3349.61,1
2000,09:30:02,$ 3349.61,3
2001,09:30:02,$ 3349.61,1
2002,09:30:02,$ 3349.61,2
2003,09:30:02,$ 3349.61,31
2004,09:30:02,$ 3349.61,2
2005,09:30:02,$ 3349.61,5
2006,09:30:02,$ 3349.61,1
2007,09:30:02,$ 3349.61,1
2008,09:30:02,$ 3349.61,2
2009,09:30:02,$ 3349.61,1
2010,09:30:02,$ 3349.61,2
2011,09:30:02,$ 3349.61,3
2012,09:30:02,$ 3349.61,1
2013,09:30:02,$ 3349.61,1
2014,09:30:02,$ 3349.61,1
2015,09:30:02,$ 3349.61,1
2017,09:30:02,$ 3349.61,1
2018,09:30:02,$ 3349.61,1
2019,09:30:02,$ 3349.61,5
2020,09:30:02,$ 3349.61,3
2021,09:30:02,$ 3349.61,15
2022,09:30:02,$ 3349.61,2
2023,09:30:02,$ 3349.61,2
2024,09:30:02,$ 3349.61,16
2025,09:30:02,$ 3349.61,4
2026,09:30:02,$ 3349.61,17
2027,09:30:02,$ 3349.61,1
2028,09:30:02,$ 3349.61,2
2029,09:30:02,$ 3349.61,4
2030,09:30:02,$ 3349.61,3
2031,09:30:02,$ 3349.61,1
2032,09:30:02,$ 3349.61,4
2033,09:30:02,$ 3349.61,2
2034,09:30:02,$ 3349.61,5
2035,09:30:02,$ 3349.61,2
2036,09:30:02,$ 3349.61,12
2038,09:30:02,$ 3349.61,6
2039,09:30:02,$ 3349.61,50
2040,09:30:02,$ 3349.61,2
2041,09:30:02,$ 3349.61,1
2042,09:30:02,$ 3349.61,3
2043,09:30:02,$ 3349.61,5
2044,09:30:02,$ 3349.61,4
2045,09:30:02,$ 3349.61,65
2046,09:30:02,$ 3349.61,4
2047,09:30:02,$ 3349.61,11
2048,09:30:02,$ 3349.61,2
2049,09:30:02,$ 3349.61,20
2050,09:30:02,$ 3349.61,50
2051,09:30:02,$ 3349.61,3
2052,09:30:02,$ 3349.61,15
2053,09:30:02,$ 3349.61,15
2054,09:30:02,$ 3349.61,2
2055,09:30:02,$ 3349.61,5
2056,09:30:02,$ 3349.61,5
2057,09:30:02,$ 3349.61,90
2059,09:30:02,$ 3349.61,8
2060,09:30:02,$ 3349.61,7
2061,09:30:02,$ 3349.61,1
2062,09:30:02,$ 3349.61,10
2063,09:30:02,$ 3349.61,100
2064,09:30:02,$ 3349.61,15
2065,09:30:02,$ 3349.61,6
2066,09:30:02,$ 3349.61,150
2067,09:30:02,$ 3349.61,10
2068,09:30:02,$ 3349.61,4
2069,09:30:02,$ 3349.61,5
2070,09:30:02,$ 3349.61,4
2071,09:30:02,$ 3349.61,4
2072,09:30:02,$ 3349.61,1
2073,09:30:02,$ 3349.61,60
2074,09:30:02,$ 3349.61,30
2075,09:30:02,$ 3349.61,4
2076,09:30:02,$ 3349.61,1
2077,09:30:02,$ 3349.61,2
2078,09:30:02,$ 3349.61,2
2080,09:30:02,$ 3349.61,3
2081,09:30:02,$ 3349.61,36
2082,09:30:02,$ 3349.61,6
2083,09:30:02,$ 3349.61,3
2084,09:30:02,$ 3349.61,29
2085,09:30:02,$ 3349.61,1
2086,09:30:02,$ 3349.61,3
2087,09:30:02,$ 3349.61,1
2088,09:30:02,$ 3349.61,1
2089,09:30:02,$ 3349.61,10
2090,09:30:02,$ 3349.61,3
2091,09:30:02,$ 3349.61,10
2092,09:30:02,$ 3349.61,2
2093,09:30:02,$ 3349.61,2
2094,09:30:02,$ 3349.61,1
2095,09:30:02,$ 3349.61,66
2096,09:30:02,$ 3349.61,2
2097,09:30:02,$ 3349.61,6
2098,09:30:02,$ 3349.61,2
2099,09:30:02,$ 3349.61,6
2101,09:30:02,$ 3349.61,3
2102,09:30:02,$ 3349.61,14
2103,09:30:02,$ 3349.61,2
2104,09:30:02,$ 3349.61,3
2105,09:30:02,$ 3349.61,1
2106,09:30:02,$ 3349.61,67
2107,09:30:02,$ 3349.61,201
2108,09:30:02,$ 3349.61,3
2109,09:30:02,$ 3349.61,2
2110,09:30:02,$ 3349.61,1
2111,09:30:02,$ 3349.61,2
2112,09:30:02,$ 3349.61,1
2113,09:30:02,$ 3349.61,1
2114,09:30:02,$ 3349.61,20
2115,09:30:02,$ 3349.61,20
2116,09:30:02,$ 3349.61,20
2117,09:30:02,$ 3349.61,5
2118,09:30:02,$ 3349.61,1
2119,09:30:02,$ 3349.61,1
2120,09:30:02,$ 3349.61,3
2122,09:30:02,$ 3349.61,1
2123,09:30:02,$ 3349.61,5
2124,09:30:02,$ 3349.61,20
2125,09:30:02,$ 3349.61,2
2126,09:30:02,$ 3349.61,10
2127,09:30:02,$ 3349.61,1
2128,09:30:02,$ 3349.61,10
2129,09:30:02,$ 3349.61,2
2130,09:30:02,$ 3349.61,5
2131,09:30:02,$ 3349.61,1
2132,09:30:02,$ 3349.61,3
2133,09:30:02,$ 3349.61,1
2134,09:30:02,$ 3349.61,1
2135,09:30:02,$ 3349.61,1
2136,09:30:02,$ 3349.61,1
2137,09:30:02,$ 3349.61,1
2138,09:30:02,$ 3349.61,1
2139,09:30:02,$ 3349.61,1
2140,09:30:02,$ 3349.61,1
2141,09:30:02,$ 3349.61,2
2143,09:30:02,$ 3349.61,40
2144,09:30:02,$ 3349.61,1
2145,09:30:02,$ 3349.61,30
2146,09:30:02,$ 3349.61,5
2147,09:30:02,$ 3349.61,2
2148,09:30:02,$ 3349.61,2
2149,09:30:02,$ 3349.61,3
2150,09:30:02,$ 3349.61,17
2151,09:30:02,$ 3349.61,2
2152,09:30:02,$ 3349.61,3
2153,09:30:02,$ 3349.61,5
2154,09:30:02,$ 3349.61,1
2155,09:30:02,$ 3349.61,38
2156,09:30:02,$ 3349.61,2
2157,09:30:02,$ 3349.61,9
2158,09:30:02,$ 3349.61,1
2159,09:30:02,$ 3349.61,1
2160,09:30:02,$ 3349.61,1
2161,09:30:02,$ 3349.61,8
2162,09:30:02,$ 3349.61,14
2164,09:30:02,$ 3349.61,145
2165,09:30:02,$ 3349.61,1
2166,09:30:02,$ 3349.61,42
2167,09:30:02,$ 3349.61,1
2168,09:30:02,$ 3349.61,1
2169,09:30:02,$ 3349.61,1
2170,09:30:02,$ 3349.61,1
2171,09:30:02,$ 3349.61,1
2172,09:30:02,$ 3349.61,10
2173,09:30:02,$ 3349.61,6
2174,09:30:02,$ 3349.61,1
2175,09:30:02,$ 3349.61,1
2176,09:30:02,$ 3349.61,3
2177,09:30:02,$ 3349.61,1
2178,09:30:02,$ 3349.61,1
2179,09:30:02,$ 3349.61,2
2180,09:30:02,$ 3349.61,3
2181,09:30:02,$ 3349.61,2
2182,09:30:02,$ 3349.61,2
2183,09:30:02,$ 3349.61,10
2185,09:30:02,$ 3349.61,18
2186,09:30:02,$ 3349.61,10
2187,09:30:02,$ 3349.61,1
2188,09:30:02,$ 3349.61,2
2189,09:30:02,$ 3349.61,10
2190,09:30:02,$ 3349.61,12
2191,09:30:02,$ 3349.61,7
2192,09:30:02,$ 3349.61,1
2193,09:30:02,$ 3349.61,1
2194,09:30:02,$ 3349.61,1
2195,09:30:02,$ 3349.61,1
2196,09:30:02,$ 3349.61,3
2197,09:30:02,$ 3349.61,4
2198,09:30:02,$ 3349.61,4
2199,09:30:02,$ 3349.61,1
2200,09:30:02,$ 3349.61,4
2201,09:30:02,$ 3349.61,1
2202,09:30:02,$ 3349.61,2
2203,09:30:02,$ 3349.61,2
2204,09:30:02,$ 3349.61,50
2206,09:30:02,$ 3349.61,8
2207,09:30:02,$ 3349.61,15
2208,09:30:02,$ 3349.61,7
2209,09:30:02,$ 3349.61,1
2210,09:30:02,$ 3349.61,20
2211,09:30:02,$ 3349.61,10
2212,09:30:02,$ 3349.61,8
2213,09:30:02,$ 3349.61,7
2214,09:30:02,$ 3349.61,10
2215,09:30:02,$ 3349.61,14
2216,09:30:02,$ 3349.61,1
2217,09:30:02,$ 3349.61,50
2218,09:30:02,$ 3349.61,30
2219,09:30:02,$ 3349.61,15
2220,09:30:02,$ 3349.61,15
2221,09:30:02,$ 3349.61,2
2222,09:30:02,$ 3349.61,1
2223,09:30:02,$ 3349.61,2
2224,09:30:02,$ 3349.61,30
2225,09:30:02,$ 3349.61,5
2227,09:30:02,$ 3349.61,5
2228,09:30:02,$ 3349.61,8
2229,09:30:02,$ 3349.61,2
2230,09:30:02,$ 3349.61,1
2231,09:30:02,$ 3349.61,8
2232,09:30:02,$ 3349.61,2
2233,09:30:02,$ 3349.61,6
2234,09:30:02,$ 3349.61,2
2235,09:30:02,$ 3349.61,1
2236,09:30:02,$ 3349.61,3
2237,09:30:02,$ 3349.61,1
2238,09:30:02,$ 3349.61,1
2239,09:30:02,$ 3349.61,2
2240,09:30:02,$ 3349.61,6
2241,09:30:02,$ 3349.61,30
2242,09:30:02,$ 3349.61,3
2243,09:30:02,$ 3349.61,2
2244,09:30:02,$ 3349.61,2
2245,09:30:02,$ 3349.61,60
2246,09:30:02,$ 3349.61,1
2248,09:30:02,$ 3349.61,18
2249,09:30:02,$ 3349.61,188
2250,09:30:02,$ 3349.61,199
2251,09:30:02,$ 3349.61,20
2252,09:30:02,$ 3349.61,1
2253,09:30:02,$ 3349.61,292
2254,09:30:02,$ 3349.61,10
2255,09:30:02,$ 3349.61,3
2256,09:30:02,$ 3349.61,1
2257,09:30:02,$ 3349.61,1
2258,09:30:02,$ 3349.61,1
2259,09:30:02,$ 3349.61,1
2260,09:30:02,$ 3349.61,1
2261,09:30:02,$ 3349.61,1
2262,09:30:02,$ 3349.61,10
2263,09:30:02,$ 3349.61,3
2264,09:30:02,$ 3349.61,1
2265,09:30:02,$ 3349.61,2
2266,09:30:02,$ 3349.61,2
2267,09:30:02,$ 3349.61,1
2269,09:30:02,$ 3349.61,2
2270,09:30:02,$ 3349.61,50
2271,09:30:02,$ 3349.61,11
2272,09:30:02,$ 3349.61,1
2273,09:30:02,$ 3349.61,1
2274,09:30:02,$ 3349.61,2
2275,09:30:02,$ 3349.61,1
2276,09:30:02,$ 3349.61,1
2277,09:30:02,$ 3349.61,2
2278,09:30:02,$ 3349.61,2
2279,09:30:02,$ 3349.61,1
2280,09:30:02,$ 3349.61,2
2281,09:30:02,$ 3349.61,3
2282,09:30:02,$ 3349.61,1
2283,09:30:02,$ 3349.61,1
2284,09:30:02,$ 3349.61,1
2285,09:30:02,$ 3349.61,2
2286,09:30:02,$ 3349.61,1
2287,09:30:02,$ 3349.61,1
2288,09:30:02,$ 3349.61,2
2290,09:30:02,$ 3349.61,1
2291,09:30:02,$ 3349.61,1
2292,09:30:02,$ 3349.61,2
2293,09:30:02,$ 3349.61,1
2294,09:30:02,$ 3349.61,1
2295,09:30:02,$ 3349.61,1
2296,09:30:02,$ 3349.61,2
2297,09:30:02,$ 3349.61,1
2298,09:30:02,$ 3349.61,3
2299,09:30:02,$ 3349.61,1
2300,09:30:02,$ 3349.61,1
2301,09:30:02,$ 3349.61,2
2302,09:30:02,$ 3349.61,1
2303,09:30:02,$ 3349.61,1
2304,09:30:02,$ 3349.61,1
2305,09:30:02,$ 3349.61,2
2306,09:30:02,$ 3349.61,3
2307,09:30:02,$ 3349.61,1
2308,09:30:02,$ 3349.61,1
2309,09:30:02,$ 3349.61,1
2311,09:30:02,$ 3349.61,1
2312,09:30:02,$ 3349.61,1
2313,09:30:02,$ 3349.61,1
2314,09:30:02,$ 3349.61,1
2315,09:30:02,$ 3349.61,1
2316,09:30:02,$ 3349.61,1
2317,09:30:02,$ 3349.61,1
2318,09:30:02,$ 3349.61,3
2319,09:30:02,$ 3349.61,236
2320,09:30:02,$ 3349.61,2
2321,09:30:02,$ 3349.61,1
2322,09:30:02,$ 3349.61,3
2323,09:30:02,$ 3349.61,1
2324,09:30:02,$ 3349.61,2
2325,09:30:02,$ 3349.61,2
2326,09:30:02,$ 3349.61,"1,000"
2327,09:30:02,$ 3349.61,5
2328,09:30:02,$ 3349.61,2
2329,09:30:02,$ 3349.61,2
2330,09:30:02,$ 3349.61,2
2332,09:30:02,$ 3349.61,2
2333,09:30:02,$ 3349.61,1
2334,09:30:02,$ 3349.61,2
2335,09:30:02,$ 3349.61,2
2336,09:30:02,$ 3349.61,1
2337,09:30:02,$ 3349.61,2
2338,09:30:02,$ 3349.61,1
2339,09:30:02,$ 3349.61,5
2340,09:30:02,$ 3349.61,2
2341,09:30:02,$ 3349.61,1
2342,09:30:02,$ 3349.61,2
2343,09:30:02,$ 3349.61,6
2344,09:30:02,$ 3349.61,20
2345,09:30:02,$ 3349.61,2
2346,09:30:02,$ 3349.61,10
2347,09:30:02,$ 3349.61,8
2348,09:30:02,$ 3349.61,6
2349,09:30:02,$ 3349.61,5
2350,09:30:02,$ 3349.61,2
2351,09:30:02,$ 3349.61,1
2353,09:30:02,$ 3349.61,1
2354,09:30:02,$ 3349.61,1
2355,09:30:02,$ 3349.61,20
2356,09:30:02,$ 3349.61,18
2357,09:30:02,$ 3349.61,2
2358,09:30:02,$ 3349.61,2
2359,09:30:02,$ 3349.61,1
2360,09:30:02,$ 3349.61,1
2361,09:30:02,$ 3349.61,2
2362,09:30:02,$ 3349.61,10
2363,09:30:02,$ 3349.61,2
2364,09:30:02,$ 3349.61,1
2365,09:30:02,$ 3349.61,5
2366,09:30:02,$ 3349.61,2
2367,09:30:02,$ 3349.61,15
2368,09:30:02,$ 3349.61,18
2369,09:30:02,$ 3349.61,203
2370,09:30:02,$ 3349.61,100
2371,09:30:02,$ 3349.61,2
2372,09:30:02,$ 3349.61,590
2374,09:30:02,$ 3349.61,"1,500"
2375,09:30:02,$ 3349.61,482
2376,09:30:02,$ 3349.61,1
2377,09:30:02,$ 3349.61,300
2378,09:30:02,$ 3349.61,10
2379,09:30:02,$ 3349.61,1
2380,09:30:02,$ 3349.61,100
2381,09:30:02,$ 3349.61,80
2382,09:30:02,$ 3349.61,2
2383,09:30:02,$ 3349.61,10
2384,09:30:02,$ 3349.61,18
2385,09:30:02,$ 3349.61,8
2386,09:30:02,$ 3349.61,11
2387,09:30:02,$ 3349.61,32
2388,09:30:02,$ 3349.61,1
2389,09:30:02,$ 3349.61,12
2390,09:30:02,$ 3349.61,1
2391,09:30:02,$ 3349.61,9
2392,09:30:02,$ 3349.61,100
2393,09:30:02,$ 3349.61,2
2395,09:30:02,$ 3349.61,2
2396,09:30:02,$ 3349.61,13
2397,09:30:02,$ 3349.61,3
2398,09:30:02,$ 3349.61,12
2399,09:30:02,$ 3349.61,4
2400,09:30:02,$ 3349.61,172
2401,09:30:02,$ 3349.61,10
2402,09:30:02,$ 3349.61,5
2403,09:30:02,$ 3349.61,3
2404,09:30:02,$ 3349.61,1
2405,09:30:02,$ 3349.61,5
2406,09:30:02,$ 3349.61,60
2407,09:30:02,$ 3349.61,5
2408,09:30:02,$ 3349.61,1
2409,09:30:02,$ 3349.61,1
2410,09:30:02,$ 3349.61,1
2411,09:30:02,$ 3349.61,9
2412,09:30:02,$ 3349.61,100
2413,09:30:02,$ 3349.61,5
2414,09:30:02,$ 3349.61,62
2416,09:30:02,$ 3349.61,1
2417,09:30:02,$ 3349.61,1
2418,09:30:02,$ 3349.61,5
2419,09:30:02,$ 3349.61,36
2420,09:30:02,$ 3349.61,1
2421,09:30:02,$ 3349.61,8
2422,09:30:02,$ 3349.61,321
2423,09:30:02,$ 3349.61,4
2424,09:30:02,$ 3349.61,6
2425,09:30:02,$ 3349.61,30
2426,09:30:02,$ 3349.61,12
2427,09:30:02,$ 3349.61,3
2428,09:30:02,$ 3349.61,1
2429,09:30:02,$ 3349.61,3
2430,09:30:02,$ 3349.61,3
2431,09:30:02,$ 3349.61,15
2432,09:30:02,$ 3349.61,1
2433,09:30:02,$ 3349.61,6
2434,09:30:02,$ 3349.61,36
2435,09:30:02,$ 3349.61,63
2437,09:30:02,$ 3349.61,124
2438,09:30:02,$ 3349.61,249
2439,09:30:02,$ 3349.61,1
2440,09:30:02,$ 3349.61,34
2441,09:30:02,$ 3349.61,35
2442,09:30:02,$ 3349.61,20
2443,09:30:02,$ 3349.61,250
2444,09:30:02,$ 3349.61,5
2445,09:30:02,$ 3349.61,6
2446,09:30:02,$ 3349.61,7
2447,09:30:02,$ 3349.61,9
2448,09:30:02,$ 3349.61,10
2449,09:30:02,$ 3349.61,8
2450,09:30:02,$ 3349.61,1
2451,09:30:02,$ 3349.61,290
2452,09:30:02,$ 3349.61,7
2453,09:30:02,$ 3349.61,5
2454,09:30:02,$ 3349.61,3
2455,09:30:02,$ 3349.61,266
2456,09:30:02,$ 3349.61,2
2458,09:30:02,$ 3349.61,10
2459,09:30:02,$ 3349.61,6
2460,09:30:02,$ 3349.61,30
2461,09:30:02,$ 3349.61,7
2462,09:30:02,$ 3349.61,5
2463,09:30:02,$ 3349.61,3
2464,09:30:02,$ 3349.61,18
2465,09:30:02,$ 3349.61,4
2466,09:30:02,$ 3349.61,10
2467,09:30:02,$ 3349.61,6
2468,09:30:02,$ 3349.61,10
2469,09:30:02,$ 3349.61,25
2470,09:30:02,$ 3349.61,5
2471,09:30:02,$ 3349.61,500
2472,09:30:02,$ 3349.61,9
2473,09:30:02,$ 3349.61,16
2474,09:30:02,$ 3349.61,4
2475,09:30:02,$ 3349.61,67
2476,09:30:02,$ 3349.61,1
2477,09:30:02,$ 3349.61,1
2479,09:30:02,$ 3349.61,3
2480,09:30:02,$ 3349.61,2
2481,09:30:02,$ 3349.61,5
2482,09:30:02,$ 3349.61,31
2483,09:30:02,$ 3349.61,6
2484,09:30:02,$ 3349.61,"1,000"
2485,09:30:02,$ 3349.61,1
2486,09:30:02,$ 3349.61,30
2487,09:30:02,$ 3349.61,1
2488,09:30:02,$ 3349.61,1
2489,09:30:02,$ 3349.61,100
2490,09:30:02,$ 3349.61,3
2491,09:30:02,$ 3349.61,10
2492,09:30:02,$ 3349.61,4
2493,09:30:02,$ 3349.61,10
2494,09:30:02,$ 3349.61,1
2495,09:30:02,$ 3349.61,1
2496,09:30:02,$ 3349.61,2
2497,09:30:02,$ 3349.61,2
2498,09:30:02,$ 3349.61,1
2500,09:30:02,$ 3349.61,15
2501,09:30:02,$ 3349.61,79
2502,09:30:02,$ 3349.61,2
2503,09:30:02,$ 3349.61,2
2504,09:30:02,$ 3349.61,3
2505,09:30:02,$ 3349.61,2
2506,09:30:02,$ 3349.61,4
2507,09:30:02,$ 3349.61,52
2508,09:30:02,$ 3349.61,1
2509,09:30:02,$ 3349.61,58
2510,09:30:02,$ 3349.61,44
2511,09:30:02,$ 3349.61,2
2512,09:30:02,$ 3349.61,7
2513,09:30:02,$ 3349.61,"1,266"
2514,09:30:02,$ 3349.61,150
2515,09:30:02,$ 3349.61,4
2516,09:30:02,$ 3349.61,1
2517,09:30:02,$ 3349.61,4
2518,09:30:02,$ 3349.61,2
2519,09:30:02,$ 3349.61,8
2521,09:30:02,$ 3349.61,8
2522,09:30:02,$ 3349.61,1
2523,09:30:02,$ 3349.61,1
2524,09:30:02,$ 3349.61,10
2525,09:30:02,$ 3349.61,61
2526,09:30:02,$ 3349.61,3
2527,09:30:02,$ 3349.61,7
2528,09:30:02,$ 3349.61,20
2529,09:30:02,$ 3349.61,2
2530,09:30:02,$ 3349.61,2
2531,09:30:02,$ 3349.61,1
2532,09:30:02,$ 3349.61,15
2533,09:30:02,$ 3349.61,9
2534,09:30:02,$ 3349.61,20
2535,09:30:02,$ 3349.61,4
2536,09:30:02,$ 3349.61,100
2537,09:30:02,$ 3349.61,107
2538,09:30:02,$ 3349.61,17
2539,09:30:02,$ 3349.61,30
2540,09:30:02,$ 3349.61,310
2542,09:30:02,$ 3349.61,1
2543,09:30:02,$ 3349.61,4
2544,09:30:02,$ 3349.61,2
2545,09:30:02,$ 3349.61,3
2546,09:30:02,$ 3349.61,2
2547,09:30:02,$ 3349.61,4
2548,09:30:02,$ 3349.61,2
2549,09:30:02,$ 3349.61,5
2550,09:30:02,$ 3349.61,1
2551,09:30:02,$ 3349.61,5
2552,09:30:02,$ 3349.61,5
2553,09:30:02,$ 3349.61,3
2554,09:30:02,$ 3349.61,10
2555,09:30:02,$ 3349.61,5
2556,09:30:02,$ 3349.61,2
2557,09:30:02,$ 3349.61,1
2558,09:30:02,$ 3349.61,56
2559,09:30:02,$ 3349.61,41
2560,09:30:02,$ 3349.61,50
2561,09:30:02,$ 3349.61,20
2563,09:30:02,$ 3349.61,1
2564,09:30:02,$ 3349.61,3
2565,09:30:02,$ 3349.61,2
2566,09:30:02,$ 3349.61,4
2567,09:30:02,$ 3349.61,2
2568,09:30:02,$ 3349.61,2
2569,09:30:02,$ 3349.61,2
2570,09:30:02,$ 3349.61,2
2571,09:30:02,$ 3349.61,4
2572,09:30:02,$ 3349.61,1
2573,09:30:02,$ 3349.61,2
2574,09:30:02,$ 3349.61,3
2575,09:30:02,$ 3349.61,1
2576,09:30:02,$ 3349.61,30
2577,09:30:02,$ 3349.61,20
2578,09:30:02,$ 3349.61,1
2579,09:30:02,$ 3349.61,3
2580,09:30:02,$ 3349.61,2
2581,09:30:02,$ 3349.61,14
2582,09:30:02,$ 3349.61,16
2584,09:30:02,$ 3349.61,3
2585,09:30:02,$ 3349.61,5
2586,09:30:02,$ 3349.61,17
2587,09:30:02,$ 3349.61,10
2588,09:30:02,$ 3349.61,1
2589,09:30:02,$ 3349.61,6
2590,09:30:02,$ 3349.61,12
2591,09:30:02,$ 3349.61,36
2592,09:30:02,$ 3349.61,159
2593,09:30:02,$ 3349.61,20
2594,09:30:02,$ 3349.61,1
2595,09:30:02,$ 3349.61,14
2596,09:30:02,$ 3349.61,3
2597,09:30:02,$ 3349.61,11
2598,09:30:02,$ 3349.61,3
2599,09:30:02,$ 3349.61,10
2600,09:30:02,$ 3349.61,12
2601,09:30:02,$ 3349.61,60
2602,09:30:02,$ 3349.61,2
2603,09:30:02,$ 3349.61,1
2605,09:30:02,$ 3349.61,1
2606,09:30:02,$ 3349.61,2
2607,09:30:02,$ 3349.61,14
2608,09:30:02,$ 3349.61,1
2609,09:30:02,$ 3349.61,311
2610,09:30:02,$ 3349.61,1
2611,09:30:02,$ 3349.61,2
2612,09:30:02,$ 3349.61,100
2613,09:30:02,$ 3349.61,100
2614,09:30:02,$ 3349.61,1
2615,09:30:02,$ 3349.61,6
2616,09:30:02,$ 3349.61,3
2617,09:30:02,$ 3349.61,500
2618,09:30:02,$ 3349.61,1
2619,09:30:02,$ 3349.61,8
2620,09:30:02,$ 3349.61,1
2621,09:30:02,$ 3349.61,46
2622,09:30:02,$ 3349.61,2
2623,09:30:02,$ 3349.61,3
2624,09:30:02,$ 3349.61,1
2626,09:30:02,$ 3349.61,1
2627,09:30:02,$ 3349.61,1
2628,09:30:02,$ 3349.61,1
2629,09:30:02,$ 3349.61,2
2630,09:30:02,$ 3349.61,2
2631,09:30:02,$ 3349.61,1
2632,09:30:02,$ 3349.61,41
2633,09:30:02,$ 3349.61,10
2634,09:30:02,$ 3349.61,2
2635,09:30:02,$ 3349.61,2
2636,09:30:02,$ 3349.61,65
2637,09:30:02,$ 3349.61,16
2638,09:30:02,$ 3349.61,1
2639,09:30:02,$ 3349.61,16
2640,09:30:02,$ 3349.61,3
2641,09:30:02,$ 3349.61,13
2642,09:30:02,$ 3349.61,1
2643,09:30:02,$ 3349.61,1
2644,09:30:02,$ 3349.61,1
2645,09:30:02,$ 3349.61,1
2647,09:30:02,$ 3349.61,1
2648,09:30:02,$ 3349.61,22
2649,09:30:02,$ 3349.61,1
2650,09:30:02,$ 3349.61,3
2651,09:30:02,$ 3349.61,5
2652,09:30:02,$ 3349.61,13
2653,09:30:02,$ 3349.61,2
2654,09:30:02,$ 3349.61,1
2655,09:30:02,$ 3349.61,1
2656,09:30:02,$ 3349.61,3
2657,09:30:02,$ 3349.61,4
2658,09:30:02,$ 3349.61,1
2659,09:30:02,$ 3349.61,4
2660,09:30:02,$ 3349.61,4
2661,09:30:02,$ 3349.61,15
2662,09:30:02,$ 3349.61,10
2663,09:30:02,$ 3349.61,2
2664,09:30:02,$ 3349.61,38
2665,09:30:02,$ 3349.61,586
2666,09:30:02,$ 3349.61,70
2668,09:30:02,$ 3349.61,413
2669,09:30:02,$ 3349.61,60
2670,09:30:02,$ 3349.61,10
2671,09:30:02,$ 3349.61,80
2672,09:30:02,$ 3349.61,60
2673,09:30:02,$ 3349.61,31
2674,09:30:02,$ 3349.61,5
2675,09:30:02,$ 3349.61,2
2676,09:30:02,$ 3349.61,10
2677,09:30:02,$ 3349.61,2
2678,09:30:02,$ 3349.61,1
2679,09:30:02,$ 3349.61,57
2680,09:30:02,$ 3349.61,2
2681,09:30:02,$ 3349.61,5
2682,09:30:02,$ 3349.61,1
2683,09:30:02,$ 3349.61,4
2684,09:30:02,$ 3349.61,18
2685,09:30:02,$ 3349.61,2
2686,09:30:02,$ 3349.61,1
2687,09:30:02,$ 3349.61,4
2689,09:30:02,$ 3349.61,5
2690,09:30:02,$ 3349.61,3
2691,09:30:02,$ 3349.61,45
2692,09:30:02,$ 3349.61,30
2693,09:30:02,$ 3349.61,372
2694,09:30:02,$ 3349.61,1
2695,09:30:02,$ 3349.61,60
2696,09:30:02,$ 3349.61,3
2697,09:30:02,$ 3349.61,1
2698,09:30:02,$ 3349.61,20
2699,09:30:02,$ 3349.61,19
2700,09:30:02,$ 3349.61,3
2701,09:30:02,$ 3349.61,15
2702,09:30:02,$ 3349.61,2
2703,09:30:02,$ 3349.61,2
2704,09:30:02,$ 3349.61,53
2705,09:30:02,$ 3349.61,1
2706,09:30:02,$ 3349.61,1
2707,09:30:02,$ 3349.61,1
2708,09:30:02,$ 3349.61,1
2710,09:30:02,$ 3349.61,7
2711,09:30:02,$ 3349.61,"1,116"
2712,09:30:02,$ 3349.61,2
2713,09:30:02,$ 3349.61,2
2714,09:30:02,$ 3349.61,11
2715,09:30:02,$ 3349.61,9
2716,09:30:02,$ 3349.61,3
2717,09:30:02,$ 3349.61,2
2718,09:30:02,$ 3349.61,9
2719,09:30:02,$ 3349.61,2
2720,09:30:02,$ 3349.61,2
2721,09:30:02,$ 3349.61,2
2722,09:30:02,$ 3349.61,3
2723,09:30:02,$ 3349.61,1
2724,09:30:02,$ 3349.61,2
2725,09:30:02,$ 3349.61,2
2726,09:30:02,$ 3349.61,1
2727,09:30:02,$ 3349.61,5
2728,09:30:02,$ 3349.61,1
2729,09:30:02,$ 3349.61,1
2731,09:30:02,$ 3349.61,5
2732,09:30:02,$ 3349.61,1
2733,09:30:02,$ 3349.61,8
2734,09:30:02,$ 3349.61,15
2735,09:30:02,$ 3349.61,1
2736,09:30:02,$ 3349.61,1
2737,09:30:02,$ 3349.61,2
2738,09:30:02,$ 3349.61,1
2739,09:30:02,$ 3349.61,1
2740,09:30:02,$ 3349.61,1
2741,09:30:02,$ 3349.61,2
2742,09:30:02,$ 3349.61,100
2743,09:30:02,$ 3349.61,2
2744,09:30:02,$ 3349.61,50
2745,09:30:02,$ 3349.61,55
2746,09:30:02,$ 3349.61,2
2747,09:30:02,$ 3349.61,3
2748,09:30:02,$ 3349.61,10
2749,09:30:02,$ 3349.61,1
2750,09:30:02,$ 3349.61,1
2752,09:30:02,$ 3349.61,5
2753,09:30:02,$ 3349.61,4
2754,09:30:02,$ 3349.61,1
2755,09:30:02,$ 3349.61,1
2756,09:30:02,$ 3349.61,1
2757,09:30:02,$ 3349.61,1
2758,09:30:02,$ 3349.61,5
2759,09:30:02,$ 3349.61,2
2760,09:30:02,$ 3349.61,1
2761,09:30:02,$ 3349.61,300
2762,09:30:02,$ 3349.61,1
2763,09:30:02,$ 3349.61,2
2764,09:30:02,$ 3349.61,100
2765,09:30:02,$ 3349.61,10
2766,09:30:02,$ 3349.61,8
2767,09:30:02,$ 3349.61,2
2768,09:30:02,$ 3349.61,7
2769,09:30:02,$ 3349.61,3
2770,09:30:02,$ 3349.61,1
2771,09:30:02,$ 3349.61,3
2773,09:30:02,$ 3349.61,3
2774,09:30:02,$ 3349.61,1
2775,09:30:02,$ 3349.61,10
2776,09:30:02,$ 3349.61,2
2777,09:30:02,$ 3349.61,1
2778,09:30:02,$ 3349.61,1
2779,09:30:02,$ 3349.61,1
2780,09:30:02,$ 3349.61,1
2781,09:30:02,$ 3349.61,2
2782,09:30:02,$ 3349.61,1
2783,09:30:02,$ 3349.61,2
2784,09:30:02,$ 3349.61,2
2785,09:30:02,$ 3349.61,10
2786,09:30:02,$ 3349.61,4
2787,09:30:02,$ 3349.61,1
2788,09:30:02,$ 3349.61,20
2789,09:30:02,$ 3349.61,1
2790,09:30:02,$ 3349.61,1
2791,09:30:02,$ 3349.61,10
2792,09:30:02,$ 3349.61,2
2794,09:30:02,$ 3349.61,4
2795,09:30:02,$ 3349.61,2
2796,09:30:02,$ 3349.61,1
2797,09:30:02,$ 3349.61,1
2798,09:30:02,$ 3349.61,1
2799,09:30:02,$ 3349.61,2
2800,09:30:02,$ 3349.61,7
2801,09:30:02,$ 3349.61,1
2802,09:30:02,$ 3349.61,66
2803,09:30:02,$ 3349.61,75
2804,09:30:02,$ 3349.61,10
2805,09:30:02,$ 3349.61,1
2806,09:30:02,$ 3349.61,3
2807,09:30:02,$ 3349.61,1
2808,09:30:02,$ 3349.61,2
2809,09:30:02,$ 3349.61,1
2810,09:30:02,$ 3349.61,5
2811,09:30:02,$ 3349.61,1
2812,09:30:02,$ 3349.61,2
2813,09:30:02,$ 3349.61,2
2815,09:30:02,$ 3349.61,5
2816,09:30:02,$ 3349.61,1
2817,09:30:02,$ 3349.61,15
2818,09:30:02,$ 3349.61,1
2819,09:30:02,$ 3349.61,4
2820,09:30:02,$ 3349.61,70
2821,09:30:02,$ 3349.61,50
2822,09:30:02,$ 3349.61,12
2823,09:30:02,$ 3349.61,1
2824,09:30:02,$ 3349.61,50
2825,09:30:02,$ 3349.61,1
2826,09:30:02,$ 3349.61,2
2827,09:30:02,$ 3349.61,2
2828,09:30:02,$ 3349.61,2
2829,09:30:02,$ 3349.61,1
2830,09:30:02,$ 3349.61,1
2831,09:30:02,$ 3349.61,1
2832,09:30:02,$ 3349.61,1
2833,09:30:02,$ 3349.61,1
2834,09:30:02,$ 3349.61,2
2836,09:30:02,$ 3349.61,10
2837,09:30:02,$ 3349.61,6
2838,09:30:02,$ 3349.61,3
2839,09:30:02,$ 3349.61,1
2840,09:30:02,$ 3349.61,6
2841,09:30:02,$ 3349.61,35
2842,09:30:02,$ 3349.61,1
2843,09:30:02,$ 3349.61,101
2844,09:30:02,$ 3349.61,23
2845,09:30:02,$ 3349.61,38
2846,09:30:02,$ 3349.61,1
2847,09:30:02,$ 3349.61,1
2848,09:30:02,$ 3349.61,5
2849,09:30:02,$ 3349.61,30
2850,09:30:02,$ 3349.61,1
2851,09:30:02,$ 3349.61,35
2852,09:30:02,$ 3349.61,2
2853,09:30:02,$ 3349.61,4
2854,09:30:02,$ 3349.61,50
2855,09:30:02,$ 3349.61,25
2857,09:30:02,$ 3349.61,1
2858,09:30:02,$ 3349.61,5
2859,09:30:02,$ 3349.61,4
2860,09:30:02,$ 3349.61,3
2861,09:30:02,$ 3349.61,5
2862,09:30:02,$ 3349.61,8
2863,09:30:02,$ 3349.61,32
2864,09:30:02,$ 3349.61,3
2865,09:30:02,$ 3349.61,5
2866,09:30:02,$ 3349.61,15
2867,09:30:02,$ 3349.61,2
2868,09:30:02,$ 3349.61,13
2869,09:30:02,$ 3349.61,2
2870,09:30:02,$ 3349.61,12
2871,09:30:02,$ 3349.61,5
2872,09:30:02,$ 3349.61,5
2873,09:30:02,$ 3349.61,6
2874,09:30:02,$ 3349.61,4
2875,09:30:02,$ 3349.61,7
2876,09:30:02,$ 3349.61,20
2878,09:30:02,$ 3349.61,5
2879,09:30:02,$ 3349.61,1
2880,09:30:02,$ 3349.61,30
2881,09:30:02,$ 3349.61,12
2882,09:30:02,$ 3349.61,15
2883,09:30:02,$ 3349.61,10
2884,09:30:02,$ 3349.61,1
2885,09:30:02,$ 3349.61,25
2886,09:30:02,$ 3349.61,8
2887,09:30:02,$ 3349.61,1
2888,09:30:02,$ 3349.61,1
2889,09:30:02,$ 3349.61,1
2890,09:30:02,$ 3349.61,1
2891,09:30:02,$ 3349.61,75
2892,09:30:02,$ 3349.61,1
2893,09:30:02,$ 3349.61,1
2894,09:30:02,$ 3349.61,3
2895,09:30:02,$ 3349.61,9
2896,09:30:02,$ 3349.61,1
2897,09:30:02,$ 3349.61,1
2899,09:30:02,$ 3349.61,5
2900,09:30:02,$ 3349.61,1
2901,09:30:02,$ 3349.61,3
2902,09:30:02,$ 3349.61,4
2903,09:30:02,$ 3349.61,1
2904,09:30:02,$ 3349.61,1
2905,09:30:02,$ 3349.61,1
2906,09:30:02,$ 3349.61,4
2907,09:30:02,$ 3349.61,5
2908,09:30:02,$ 3349.61,2
2909,09:30:02,$ 3349.61,1
2910,09:30:02,$ 3349.61,1
2911,09:30:02,$ 3349.61,3
2912,09:30:02,$ 3349.61,10
2913,09:30:02,$ 3349.61,10
2914,09:30:02,$ 3349.61,3
2915,09:30:02,$ 3349.61,1
2916,09:30:02,$ 3349.61,28
2917,09:30:02,$ 3349.61,1
2918,09:30:02,$ 3349.61,3
2920,09:30:02,$ 3349.61,2
2921,09:30:02,$ 3349.61,1
2922,09:30:02,$ 3349.61,2
2923,09:30:02,$ 3349.61,1
2924,09:30:02,$ 3349.61,2
2925,09:30:02,$ 3349.61,1
2926,09:30:02,$ 3349.61,2
2927,09:30:02,$ 3349.61,1
2928,09:30:02,$ 3349.61,10
2929,09:30:02,$ 3349.61,2
2930,09:30:02,$ 3349.61,1
2931,09:30:02,$ 3349.61,1
2932,09:30:02,$ 3349.61,5
2933,09:30:02,$ 3349.61,1
2934,09:30:02,$ 3349.61,2
2935,09:30:02,$ 3349.61,2
2936,09:30:02,$ 3349.61,5
2937,09:30:02,$ 3349.61,1
2938,09:30:02,$ 3349.61,1
2939,09:30:02,$ 3349.61,1
2941,09:30:02,$ 3349.61,5
2942,09:30:02,$ 3349.61,10
2943,09:30:02,$ 3349.61,3
2944,09:30:02,$ 3349.61,1
2945,09:30:02,$ 3349.61,1
2946,09:30:02,$ 3349.61,1
2947,09:30:02,$ 3349.61,1
2948,09:30:02,$ 3349.61,2
2949,09:30:02,$ 3349.61,2
2950,09:30:02,$ 3349.61,1
2951,09:30:02,$ 3349.61,1
2952,09:30:02,$ 3349.61,7
2953,09:30:02,$ 3349.61,30
2954,09:30:02,$ 3349.61,22
2955,09:30:02,$ 3349.61,7
2956,09:30:02,$ 3349.61,1
2957,09:30:02,$ 3349.61,1
2958,09:30:02,$ 3349.61,1
2959,09:30:02,$ 3349.61,3
2960,09:30:02,$ 3349.61,1
2962,09:30:02,$ 3349.61,5
2963,09:30:02,$ 3349.61,7
2964,09:30:02,$ 3349.61,2
2965,09:30:02,$ 3349.61,1
2966,09:30:02,$ 3349.61,3
2967,09:30:02,$ 3349.61,10
2968,09:30:02,$ 3349.61,1
2969,09:30:02,$ 3349.61,5
2970,09:30:02,$ 3349.61,2
2971,09:30:02,$ 3349.61,2
2972,09:30:02,$ 3349.61,1
2973,09:30:02,$ 3349.61,3
2974,09:30:02,$ 3349.61,1
2975,09:30:02,$ 3349.61,1
2976,09:30:02,$ 3349.61,1
2977,09:30:02,$ 3349.61,2
2978,09:30:02,$ 3349.61,40
2979,09:30:02,$ 3349.61,4
2980,09:30:02,$ 3349.61,3
2981,09:30:02,$ 3349.61,3
2983,09:30:02,$ 3349.61,2
2984,09:30:02,$ 3349.61,14
2985,09:30:02,$ 3349.61,68
2986,09:30:02,$ 3349.61,14
2987,09:30:02,$ 3349.61,1
2988,09:30:02,$ 3349.61,3
2989,09:30:02,$ 3349.61,1
2990,09:30:02,$ 3349.61,169
2991,09:30:02,$ 3349.61,2
2992,09:30:02,$ 3349.61,1
2993,09:30:02,$ 3349.61,1
2994,09:30:02,$ 3349.61,1
2995,09:30:02,$ 3349.61,1
2996,09:30:02,$ 3349.61,1
2997,09:30:02,$ 3349.61,4
2998,09:30:02,$ 3349.61,2
2999,09:30:02,$ 3349.61,2
3000,09:30:02,$ 3349.61,3
3001,09:30:02,$ 3349.61,10
3002,09:30:02,$ 3349.61,1
3004,09:30:02,$ 3349.61,1
3005,09:30:02,$ 3349.61,5
3006,09:30:02,$ 3349.61,30
3007,09:30:02,$ 3349.61,5
3008,09:30:02,$ 3349.61,85
3009,09:30:02,$ 3349.61,11
3010,09:30:02,$ 3349.61,12
3011,09:30:02,$ 3349.61,1
3012,09:30:02,$ 3349.61,3
3013,09:30:02,$ 3349.61,1
3014,09:30:02,$ 3349.61,5
3015,09:30:02,$ 3349.61,5
3016,09:30:02,$ 3349.61,3
3017,09:30:02,$ 3349.61,10
3018,09:30:02,$ 3349.61,2
3019,09:30:02,$ 3349.61,10
3020,09:30:02,$ 3349.61,5
3021,09:30:02,$ 3349.61,1
3022,09:30:02,$ 3349.61,5
3023,09:30:02,$ 3349.61,1
3025,09:30:02,$ 3349.61,3
3026,09:30:02,$ 3349.61,20
3027,09:30:02,$ 3349.61,12
3028,09:30:02,$ 3349.61,7
3029,09:30:02,$ 3349.61,5
3030,09:30:02,$ 3349.61,3
3031,09:30:02,$ 3349.61,3
3032,09:30:02,$ 3349.61,1
3033,09:30:02,$ 3349.61,3
3034,09:30:02,$ 3349.61,2
3035,09:30:02,$ 3349.61,2
3036,09:30:02,$ 3349.61,3
3037,09:30:02,$ 3349.61,1
3038,09:30:02,$ 3349.61,3
3039,09:30:02,$ 3349.61,5
3040,09:30:02,$ 3349.61,1
3041,09:30:02,$ 3349.61,11
3042,09:30:02,$ 3349.61,8
3043,09:30:02,$ 3349.61,1
3044,09:30:02,$ 3349.61,1
3046,09:30:02,$ 3349.61,9
3047,09:30:02,$ 3349.61,15
3048,09:30:02,$ 3349.61,2
3049,09:30:02,$ 3349.61,2
3050,09:30:02,$ 3349.61,14
3051,09:30:02,$ 3349.61,1
3052,09:30:02,$ 3349.61,4
3053,09:30:02,$ 3349.61,2
3054,09:30:02,$ 3349.61,10
3055,09:30:02,$ 3349.61,9
3056,09:30:02,$ 3349.61,1
3057,09:30:02,$ 3349.61,1
3058,09:30:02,$ 3349.61,1
3059,09:30:02,$ 3349.61,1
3060,09:30:02,$ 3349.61,4
3061,09:30:02,$ 3349.61,1
3062,09:30:02,$ 3349.61,1
3063,09:30:02,$ 3349.61,1
3064,09:30:02,$ 3349.61,3
3065,09:30:02,$ 3349.61,5
3067,09:30:02,$ 3349.61,100
3068,09:30:02,$ 3349.61,1
3069,09:30:02,$ 3349.61,1
3070,09:30:02,$ 3349.61,21
3071,09:30:02,$ 3349.61,3
3072,09:30:02,$ 3349.61,1
3073,09:30:02,$ 3349.61,500
3074,09:30:02,$ 3349.61,1
3075,09:30:02,$ 3349.61,1
3076,09:30:02,$ 3349.61,6
3077,09:30:02,$ 3349.61,6
3078,09:30:02,$ 3349.61,1
3079,09:30:02,$ 3349.61,1
3080,09:30:02,$ 3349.61,1
3081,09:30:02,$ 3349.61,2
3082,09:30:02,$ 3349.61,3
3083,09:30:02,$ 3349.61,1
3084,09:30:02,$ 3349.61,23
3085,09:30:02,$ 3349.61,5
3086,09:30:02,$ 3349.61,1
3088,09:30:02,$ 3349.61,2
3089,09:30:02,$ 3349.61,1
3090,09:30:02,$ 3349.61,2
3091,09:30:02,$ 3349.61,1
3092,09:30:02,$ 3349.61,1
3093,09:30:02,$ 3349.61,1
3094,09:30:02,$ 3349.61,1
3095,09:30:02,$ 3349.61,2
3096,09:30:02,$ 3349.61,2
3097,09:30:02,$ 3349.61,1
3098,09:30:02,$ 3349.61,1
3099,09:30:02,$ 3349.61,1
3100,09:30:02,$ 3349.61,3
3101,09:30:02,$ 3349.61,22
3102,09:30:02,$ 3349.61,10
3103,09:30:02,$ 3349.61,1
3104,09:30:02,$ 3349.61,3
3105,09:30:02,$ 3349.61,1
3106,09:30:02,$ 3349.61,3
3107,09:30:02,$ 3349.61,2
3109,09:30:02,$ 3349.61,1
3110,09:30:02,$ 3349.61,1
3111,09:30:02,$ 3349.61,19
3112,09:30:02,$ 3349.61,2
3113,09:30:02,$ 3349.61,30
3114,09:30:02,$ 3349.61,2
3115,09:30:02,$ 3349.61,2
3116,09:30:02,$ 3349.61,1
3117,09:30:02,$ 3349.61,3
3118,09:30:02,$ 3349.61,30
3119,09:30:02,$ 3349.61,10
3120,09:30:02,$ 3349.61,1
3121,09:30:02,$ 3349.61,6
3122,09:30:02,$ 3349.61,2
3123,09:30:02,$ 3349.61,1
3124,09:30:02,$ 3349.61,1
3125,09:30:02,$ 3349.61,30
3126,09:30:02,$ 3349.61,30
3127,09:30:02,$ 3349.61,20
3128,09:30:02,$ 3349.61,31
3130,09:30:02,$ 3349.61,2
3131,09:30:02,$ 3349.61,3
3132,09:30:02,$ 3349.61,2
3133,09:30:02,$ 3349.61,10
3134,09:30:02,$ 3349.61,15
3135,09:30:02,$ 3349.61,25
3136,09:30:02,$ 3349.61,1
3137,09:30:02,$ 3349.61,4
3138,09:30:02,$ 3349.61,10
3139,09:30:02,$ 3349.61,1
3140,09:30:02,$ 3349.61,6
3141,09:30:02,$ 3349.61,2
3142,09:30:02,$ 3349.61,1
3143,09:30:02,$ 3349.61,31
3144,09:30:02,$ 3349.61,1
3145,09:30:02,$ 3349.61,17
3146,09:30:02,$ 3349.61,31
3147,09:30:02,$ 3349.61,10
3148,09:30:02,$ 3349.61,31
3149,09:30:02,$ 3349.61,1
3151,09:30:02,$ 3349.61,1
3152,09:30:02,$ 3349.61,32
3153,09:30:02,$ 3349.61,1
3154,09:30:02,$ 3349.61,2
3155,09:30:02,$ 3349.61,1
3156,09:30:02,$ 3349.61,1
3157,09:30:02,$ 3349.61,1
3158,09:30:02,$ 3349.61,2
3159,09:30:02,$ 3349.61,2
3160,09:30:02,$ 3349.61,2
3161,09:30:02,$ 3349.61,1
3162,09:30:02,$ 3349.61,1
3163,09:30:02,$ 3349.61,1
3164,09:30:02,$ 3349.61,2
3165,09:30:02,$ 3349.61,20
3166,09:30:02,$ 3349.61,1
3167,09:30:02,$ 3349.61,5
3168,09:30:02,$ 3349.61,3
3169,09:30:02,$ 3349.61,10
3170,09:30:02,$ 3349.61,3
3172,09:30:02,$ 3349.61,19
3173,09:30:02,$ 3349.61,3
3174,09:30:02,$ 3349.61,1
3175,09:30:02,$ 3349.61,3
3176,09:30:02,$ 3349.61,10
3177,09:30:02,$ 3349.61,1
3178,09:30:02,$ 3349.61,1
3179,09:30:02,$ 3349.61,1
3180,09:30:02,$ 3349.61,1
3181,09:30:02,$ 3349.61,1
3182,09:30:02,$ 3349.61,2
3183,09:30:02,$ 3349.61,5
3184,09:30:02,$ 3349.61,3
3185,09:30:02,$ 3349.61,4
3186,09:30:02,$ 3349.61,32
3187,09:30:02,$ 3349.61,32
3188,09:30:02,$ 3349.61,1
3189,09:30:02,$ 3349.61,1
3190,09:30:02,$ 3349.61,2
3191,09:30:02,$ 3349.61,1
3193,09:30:02,$ 3349.61,1
3194,09:30:02,$ 3349.61,7
3195,09:30:02,$ 3349.61,3
3196,09:30:02,$ 3349.61,3
3197,09:30:02,$ 3349.61,1
3198,09:30:02,$ 3349.61,3
3199,09:30:02,$ 3349.61,8
3200,09:30:02,$ 3349.61,1
3201,09:30:02,$ 3349.61,1
3202,09:30:02,$ 3349.61,50
3203,09:30:02,$ 3349.61,3
3204,09:30:02,$ 3349.61,64
3205,09:30:02,$ 3349.61,1
3206,09:30:02,$ 3349.61,"1,399"
3207,09:30:02,$ 3349.61,1
3208,09:30:02,$ 3349.61,15
3209,09:30:02,$ 3349.61,1
3210,09:30:02,$ 3349.61,14
3211,09:30:02,$ 3349.61,16
3212,09:30:02,$ 3349.61,4
3214,09:30:02,$ 3349.61,1
3215,09:30:01,$ 3349.80,100
3217,10:29:57,$ 3352.95,100
3218,10:29:53,$ 3352.40,100
3219,10:29:37,$ 3352.67,100
3220,10:29:32,$ 3353.41,100
3221,10:29:31,$ 3354.62,100
3222,10:29:31,$ 3354.33,200
3223,10:29:31,$ 3354.60,100
3224,10:29:31,$ 3354.36,100
3225,10:29:30,$ 3353.359,100
3226,10:29:30,$ 3353.65,110
3227,10:29:30,$ 3353.47,100
3228,10:29:30,$ 3353.62,100
3229,10:29:30,$ 3353.22,134
3230,10:29:30,$ 3354.53,100
3231,10:29:30,$ 3354.61,100
3232,10:29:30,$ 3353.60,100
3233,10:29:30,$ 3353.6493,100
3234,10:29:30,$ 3353.452,100
3235,10:29:30,$ 3353.32,100
3236,10:29:30,$ 3353.47,100
3238,10:29:30,$ 3353.61,100
3239,10:29:30,$ 3353.63,100
3240,10:29:30,$ 3353.645,100
3241,10:29:30,$ 3353.36,200
3242,10:29:30,$ 3353.21,200
3243,10:29:30,$ 3353.11,100
3244,10:29:25,$ 3352.02,100
3245,10:29:24,$ 3353.00,100
3246,10:29:24,$ 3353.00,100
3247,10:28:54,$ 3354.94,100
3248,10:28:43,$ 3354.95,100
3249,10:28:22,$ 3354.275,100
3250,10:28:09,$ 3353.85,148
3251,10:27:57,$ 3353.82,100
3252,10:27:57,$ 3353.82,123
3253,10:27:57,$ 3353.79,100
3254,10:27:56,$ 3353.78,100
3255,10:27:51,$ 3354.4721,195
3256,10:27:29,$ 3353.8562,500
3257,10:27:24,$ 3353.88,100
3259,10:27:19,$ 3353.00,100
3260,10:26:50,$ 3352.00,478
3261,10:26:41,$ 3350.54,100
3262,10:26:26,$ 3350.3501,100
3263,10:26:26,$ 3350.3501,100
3264,10:26:13,$ 3351.3336,100
3265,10:26:06,$ 3351.437,113
3266,10:26:00,$ 3350.80,100
3267,10:25:51,$ 3350.5843,600
3268,10:25:46,$ 3349.9098,100
3269,10:25:42,$ 3350.80,100
3270,10:25:41,$ 3350.82,100
3271,10:25:40,$ 3350.79,100
3272,10:25:40,$ 3350.79,100
3273,10:25:40,$ 3350.79,100
3274,10:25:40,$ 3350.82,100
3275,10:25:40,$ 3350.97,100
3276,10:25:39,$ 3351.46,100
3277,10:25:36,$ 3352.5381,100
3278,10:25:32,$ 3351.62,100
3280,10:25:31,$ 3352.1677,100
3281,10:25:28,$ 3352.72,115
3282,10:25:28,$ 3352.71,100
3283,10:25:28,$ 3352.94,100
3284,10:25:27,$ 3350.93,100
3285,10:25:27,$ 3349.80,100
3286,10:25:19,$ 3348.64,100
3287,10:25:19,$ 3348.55,100
3288,10:25:19,$ 3348.979,100
3289,10:25:19,$ 3348.68,100
3290,10:25:19,$ 3348.58,100
3291,10:25:19,$ 3348.59,100
3292,10:25:19,$ 3348.82,200
3293,10:25:19,$ 3348.58,100
3294,10:25:19,$ 3348.59,100
3295,10:25:19,$ 3348.55,200
3296,10:25:19,$ 3349.11,100
3297,10:25:19,$ 3349.06,100
3298,10:25:19,$ 3348.78,200
3299,10:25:15,$ 3348.49,100
3301,10:25:15,$ 3348.78,200
3302,10:25:10,$ 3349.50,100
3303,10:25:06,$ 3350.22,100
3304,10:25:06,$ 3350.00,200
3305,10:25:06,$ 3350.04,100
3306,10:25:03,$ 3350.775,300
3307,10:25:01,$ 3350.31,100
3308,10:25:01,$ 3350.52,100
3309,10:24:59,$ 3351.20,100
3310,10:24:56,$ 3351.21,100
3311,10:24:56,$ 3351.21,100
3312,10:24:56,$ 3351.245,100
3313,10:24:27,$ 3353.00,100
3314,10:24:27,$ 3353.00,100
3315,10:24:17,$ 3353.43,153
3316,10:24:08,$ 3353.695,100
3317,10:24:08,$ 3354.005,100
3318,10:24:08,$ 3353.915,100
3319,10:24:08,$ 3353.70,100
3320,10:24:08,$ 3353.635,100
3322,10:24:08,$ 3353.665,100
3323,10:23:55,$ 3355.4999,100
3324,10:23:38,$ 3355.41,100
3325,10:23:27,$ 3355.94,100
3326,10:23:27,$ 3355.94,100
3327,10:23:27,$ 3355.97,100
3328,10:23:27,$ 3355.94,100
3329,10:23:27,$ 3355.69,100
3330,10:23:27,$ 3355.26,200
3331,10:23:26,$ 3354.69,200
3332,10:23:26,$ 3355.20,190
3333,10:23:26,$ 3354.95,100
3334,10:23:26,$ 3354.68,100
3335,10:23:25,$ 3354.65,100
3336,10:23:25,$ 3355.65,200
3337,10:23:25,$ 3354.65,100
3338,10:23:25,$ 3354.43,100
3339,10:23:23,$ 3354.10,100
3340,10:23:13,$ 3354.69,100
3341,10:23:13,$ 3354.92,200
3343,10:23:13,$ 3354.69,100
3344,10:23:13,$ 3354.31,100
3345,10:23:06,$ 3354.98,300
3346,10:23:05,$ 3353.91,400
3347,10:23:04,$ 3354.315,100
3348,10:22:57,$ 3354.71,100
3349,10:22:54,$ 3354.71,200
3350,10:22:27,$ 3353.428,211
3351,10:22:27,$ 3353.428,265
3352,10:22:17,$ 3353.905,100
3353,10:22:15,$ 3354.195,100
3354,10:22:13,$ 3353.80,100
3355,10:22:13,$ 3353.80,100
3356,10:22:13,$ 3353.80,100
3357,10:22:11,$ 3354.375,100
3358,10:22:10,$ 3354.69,196
3359,10:21:58,$ 3354.68,174
3360,10:21:56,$ 3354.64,100
3361,10:21:56,$ 3355.06,100
3362,10:21:56,$ 3355.13,100
3364,10:21:33,$ 3354.55,100
3365,10:21:33,$ 3355.35,100
3366,10:21:23,$ 3355.62,100
3367,10:21:19,$ 3355.21,100
3368,10:21:17,$ 3355.93,100
3369,10:21:02,$ 3355.06,100
3370,10:21:02,$ 3355.23,100
3371,10:21:02,$ 3355.19,100
3372,10:21:01,$ 3354.73,100
3373,10:20:57,$ 3354.92,100
3374,10:20:44,$ 3353.8977,200
3375,10:20:43,$ 3354.63,100
3376,10:20:40,$ 3354.16,100
3377,10:20:35,$ 3354.61,100
3378,10:20:32,$ 3354.6207,300
3379,10:20:02,$ 3357.81,171
3380,10:19:56,$ 3356.79,100
3381,10:19:46,$ 3356.77,100
3382,10:19:46,$ 3356.1172,183
3383,10:19:43,$ 3356.40,100
3385,10:19:40,$ 3356.78,100
3386,10:19:38,$ 3356.43,100
3387,10:19:35,$ 3356.52,100
3388,10:19:35,$ 3356.52,100
3389,10:19:35,$ 3356.44,100
3390,10:19:26,$ 3355.385,100
3391,10:19:18,$ 3356.34,100
3392,10:19:16,$ 3356.41,100
3393,10:19:15,$ 3355.51,100
3394,10:19:11,$ 3355.32,100
3395,10:19:11,$ 3355.32,100
3396,10:19:10,$ 3355.47,100
3397,10:19:10,$ 3355.65,100
3398,10:19:05,$ 3356.1403,300
3399,10:19:03,$ 3355.83,100
3400,10:18:54,$ 3356.22,100
3401,10:18:49,$ 3356.82,100
3402,10:18:38,$ 3356.84,100
3403,10:18:38,$ 3356.89,100
3404,10:18:35,$ 3357.26,100
3406,10:18:33,$ 3355.32,100
3407,10:18:33,$ 3355.32,100
3408,10:18:02,$ 3357.27,100
3409,10:18:00,$ 3356.5001,100
3410,10:17:58,$ 3357.53,100
3411,10:17:58,$ 3357.452,100
3412,10:17:58,$ 3357.40,100
3413,10:17:58,$ 3356.80,100
3414,10:17:48,$ 3355.43,400
3415,10:17:45,$ 3355.32,100
3416,10:17:33,$ 3355.94,100
3417,10:17:32,$ 3355.71,100
3418,10:17:31,$ 3355.59,100
3419,10:17:27,$ 3355.82,100
3420,10:17:26,$ 3355.32,100
3421,10:17:24,$ 3356.00,130
3422,10:17:14,$ 3355.325,400
3423,10:17:14,$ 3355.47,100
3424,10:17:13,$ 3355.32,200
3425,10:17:11,$ 3354.35,100
3427,10:17:11,$ 3354.755,100
3428,10:17:08,$ 3354.565,100
3429,10:17:08,$ 3354.57,100
3430,10:17:08,$ 3354.57,100
3431,10:17:08,$ 3354.57,100
3432,10:17:07,$ 3355.02,100
3433,10:17:07,$ 3354.82,100
3434,10:17:04,$ 3354.96,100
3435,10:16:57,$ 3354.46,100
3436,10:16:57,$ 3354.36,100
3437,10:16:57,$ 3354.115,100
3438,10:16:56,$ 3353.80,100
3439,10:16:56,$ 3353.80,100
3440,10:16:56,$ 3354.06,100
3441,10:16:56,$ 3353.79,100
3442,10:16:56,$ 3353.79,100
3443,10:16:54,$ 3353.57,100
3444,10:16:47,$ 3353.075,100
3445,10:16:44,$ 3353.04,100
3446,10:16:44,$ 3352.61,100
3448,10:16:35,$ 3353.4706,247
3449,10:16:32,$ 3352.765,100
3450,10:16:32,$ 3353.54,100
3451,10:16:32,$ 3353.58,300
3452,10:16:32,$ 3352.665,100
3453,10:16:32,$ 3352.665,100
3454,10:16:27,$ 3352.67,100
3455,10:16:27,$ 3352.97,100
3456,10:16:26,$ 3352.60,100
3457,10:16:24,$ 3353.02,100
3458,10:16:24,$ 3353.00,100
3459,10:16:24,$ 3353.02,100
3460,10:16:15,$ 3353.6233,290
3461,10:16:15,$ 3353.88,100
3462,10:16:15,$ 3353.585,100
3463,10:16:15,$ 3353.485,200
3464,10:16:13,$ 3353.95,300
3465,10:16:11,$ 3353.485,100
3466,10:16:03,$ 3353.61,100
3467,10:16:03,$ 3353.98,100
3469,10:16:03,$ 3353.88,100
3470,10:16:03,$ 3353.89,100
3471,10:16:03,$ 3353.89,100
3472,10:16:03,$ 3353.94,100
3473,10:16:03,$ 3353.15,100
3474,10:16:03,$ 3352.98,100
3475,10:16:03,$ 3352.98,100
3476,10:16:03,$ 3353.13,100
3477,10:16:03,$ 3352.98,100
3478,10:16:03,$ 3352.98,100
3479,10:16:03,$ 3352.93,100
3480,10:16:03,$ 3352.87,100
3481,10:16:03,$ 3352.71,125
3482,10:16:03,$ 3352.70,100
3483,10:16:03,$ 3352.13,100
3484,10:16:03,$ 3352.43,101
3485,10:16:03,$ 3352.13,100
3486,10:16:00,$ 3352.64,100
3487,10:15:44,$ 3352.795,100
3488,10:15:37,$ 3352.90,100
3490,10:15:33,$ 3351.83,100
3491,10:15:33,$ 3351.61,100
3492,10:15:33,$ 3351.43,100
3493,10:15:13,$ 3350.89,100
3494,10:14:59,$ 3351.26,100
3495,10:14:55,$ 3351.28,100
3496,10:14:51,$ 3350.27,100
3497,10:14:51,$ 3350.27,100
3498,10:14:51,$ 3350.44,100
3499,10:14:51,$ 3350.44,100
3500,10:14:39,$ 3350.79,100
3501,10:14:29,$ 3350.79,100
3502,10:14:20,$ 3350.91,100
3503,10:14:19,$ 3351.30,300
3504,10:14:16,$ 3350.90,100
3505,10:14:14,$ 3351.28,100
3506,10:14:14,$ 3351.29,100
3507,10:14:14,$ 3350.90,100
3508,10:14:13,$ 3351.095,100
3509,10:14:06,$ 3351.08,100
3511,10:13:57,$ 3350.69,100
3512,10:13:52,$ 3350.9599,200
3513,10:13:52,$ 3350.36,100
3514,10:13:49,$ 3350.77,200
3515,10:13:49,$ 3350.93,100
3516,10:13:31,$ 3350.43,100
3517,10:13:31,$ 3350.41,100
3518,10:13:17,$ 3349.88,155
3519,10:13:15,$ 3349.62,100
3520,10:13:14,$ 3348.97,100
3521,10:13:14,$ 3349.1025,100
3522,10:12:50,$ 3348.73,100
3523,10:12:50,$ 3349.00,100
3524,10:12:50,$ 3348.73,100
3525,10:12:38,$ 3348.01,100
3526,10:12:36,$ 3348.5595,250
3527,10:12:33,$ 3348.24,100
3528,10:12:32,$ 3348.61,200
3529,10:12:16,$ 3348.88,133
3530,10:12:05,$ 3348.90,100
3532,10:11:59,$ 3349.05,100
3533,10:11:31,$ 3348.68,100
3534,10:11:28,$ 3349.35,100
3535,10:11:25,$ 3349.755,100
3536,10:11:15,$ 3350.9611,227
3537,10:11:15,$ 3350.9611,298
3538,10:11:15,$ 3349.933,200
3539,10:11:15,$ 3349.368,100
3540,10:11:15,$ 3348.95,100
3541,10:11:15,$ 3349.21,100
3542,10:11:15,$ 3349.20,100
3543,10:11:15,$ 3348.94,400
3544,10:11:15,$ 3348.948,100
3545,10:11:13,$ 3347.7935,100
3546,10:11:11,$ 3346.90,100
3547,10:11:05,$ 3347.3499,100
3548,10:11:03,$ 3347.5401,300
3549,10:10:53,$ 3348.43,100
3550,10:10:53,$ 3348.26,100
3551,10:10:35,$ 3349.09,100
3553,10:10:35,$ 3349.055,100
3554,10:10:33,$ 3349.97,100
3555,10:10:33,$ 3349.72,100
3556,10:10:33,$ 3349.75,100
3557,10:10:05,$ 3350.62,100
3558,10:09:59,$ 3350.57,100
3559,10:09:43,$ 3351.34,100
3560,10:09:43,$ 3351.3267,150
3561,10:09:30,$ 3352.00,100
3562,10:09:30,$ 3351.98,100
3563,10:09:24,$ 3351.97,100
3564,10:09:10,$ 3352.08,100
3565,10:09:10,$ 3352.28,200
3566,10:09:06,$ 3352.145,100
3567,10:09:05,$ 3353.00,"2,365"
3568,10:09:05,$ 3353.00,117
3569,10:09:05,$ 3353.10,100
3570,10:09:05,$ 3352.90,100
3571,10:09:05,$ 3351.97,100
3572,10:09:05,$ 3351.44,100
3574,10:09:05,$ 3351.362,200
3575,10:09:05,$ 3351.42,100
3576,10:09:05,$ 3351.43,100
3577,10:08:56,$ 3350.64,100
3578,10:08:55,$ 3350.99,100
3579,10:08:52,$ 3349.935,100
3580,10:08:48,$ 3350.00,500
3581,10:08:48,$ 3350.00,100
3582,10:08:48,$ 3349.95,100
3583,10:08:48,$ 3350.00,100
3584,10:08:21,$ 3349.54,100
3585,10:08:13,$ 3349.89,100
3586,10:08:13,$ 3349.80,100
3587,10:08:08,$ 3348.3875,200
3588,10:08:00,$ 3348.31,100
3589,10:07:55,$ 3349.101,100
3590,10:07:55,$ 3349.12,100
3591,10:07:53,$ 3349.46,100
3592,10:07:48,$ 3347.74,100
3593,10:07:48,$ 3348.06,100
3595,10:07:47,$ 3347.10,100
3596,10:07:46,$ 3347.74,100
3597,10:07:39,$ 3347.28,100
3598,10:07:25,$ 3347.95,200
3599,10:07:23,$ 3348.59,"1,000"
3600,10:07:14,$ 3347.6283,300
3601,10:07:03,$ 3347.15,100
3602,10:07:02,$ 3347.9113,100
3603,10:07:00,$ 3347.94,100
3604,10:07:00,$ 3347.525,100
3605,10:06:59,$ 3347.05,400
3606,10:06:55,$ 3346.76,100
3607,10:06:55,$ 3346.265,100
3608,10:06:52,$ 3346.0615,100
3609,10:06:47,$ 3345.84,100
3610,10:06:47,$ 3345.56,194
3611,10:06:47,$ 3346.085,100
3612,10:06:46,$ 3346.1013,211
3613,10:06:45,$ 3346.26,200
3614,10:06:45,$ 3346.28,100
3616,10:06:43,$ 3346.20,100
3617,10:06:43,$ 3346.15,100
3618,10:06:42,$ 3346.18,100
3619,10:06:41,$ 3346.99,100
3620,10:06:41,$ 3346.98,100
3621,10:06:41,$ 3346.9607,216
3622,10:06:41,$ 3347.21,200
3623,10:06:41,$ 3347.08,100
3624,10:06:36,$ 3347.82,100
3625,10:06:36,$ 3347.575,100
3626,10:06:35,$ 3347.67,136
3627,10:06:28,$ 3346.98,100
3628,10:06:28,$ 3346.89,100
3629,10:06:22,$ 3347.71,100
3630,10:06:15,$ 3347.1825,100
3631,10:06:15,$ 3347.1825,100
3632,10:06:13,$ 3347.615,100
3633,10:06:08,$ 3347.84,100
3634,10:06:07,$ 3348.31,100
3635,10:06:07,$ 3348.33,100
3637,10:06:07,$ 3348.32,100
3638,10:06:05,$ 3348.7067,300
3639,10:06:03,$ 3348.3301,100
3640,10:06:00,$ 3348.82,108
3641,10:06:00,$ 3348.82,172
3642,10:06:00,$ 3348.82,109
3643,10:06:00,$ 3348.82,100
3644,10:05:59,$ 3349.48,122
3645,10:05:59,$ 3349.26,100
3646,10:05:57,$ 3348.98,100
3647,10:05:57,$ 3348.92,100
3648,10:05:57,$ 3348.92,100
3649,10:05:57,$ 3348.94,100
3650,10:05:57,$ 3349.00,100
3651,10:05:57,$ 3348.94,100
3652,10:05:53,$ 3349.40,100
3653,10:05:53,$ 3350.00,100
3654,10:05:53,$ 3350.00,100
3655,10:05:52,$ 3350.35,100
3656,10:05:52,$ 3351.33,100
3658,10:05:52,$ 3350.77,100
3659,10:05:52,$ 3351.19,100
3660,10:05:44,$ 3351.88,371
3661,10:05:33,$ 3351.37,100
3662,10:05:31,$ 3352.10,100
3663,10:05:27,$ 3351.11,100
3664,10:05:20,$ 3351.33,100
3665,10:05:17,$ 3351.75,100
3666,10:05:15,$ 3351.88,100
3667,10:05:15,$ 3351.54,100
3668,10:05:15,$ 3351.58,100
3669,10:05:15,$ 3351.42,100
3670,10:05:15,$ 3351.37,100
3671,10:05:14,$ 3350.33,100
3672,10:05:14,$ 3350.32,100
3673,10:05:06,$ 3351.01,100
3674,10:05:06,$ 3351.00,168
3675,10:05:06,$ 3351.12,100
3676,10:05:00,$ 3352.20,299
3677,10:05:00,$ 3352.02,100
3679,10:05:00,$ 3352.24,100
3680,10:04:47,$ 3354.1178,100
3681,10:04:47,$ 3354.075,100
3682,10:04:41,$ 3353.787,250
3683,10:04:40,$ 3353.695,100
3684,10:04:28,$ 3353.37,100
3685,10:04:20,$ 3352.73,100
3686,10:04:19,$ 3353.065,100
3687,10:04:13,$ 3352.73,100
3688,10:04:12,$ 3353.02,100
3689,10:04:12,$ 3352.7305,100
3690,10:04:12,$ 3352.955,200
3691,10:04:12,$ 3352.75,100
3692,10:04:12,$ 3352.73,200
3693,10:04:12,$ 3352.77,100
3694,10:04:04,$ 3353.64,100
3695,10:03:51,$ 3353.555,100
3696,10:03:51,$ 3353.49,100
3697,10:03:50,$ 3352.74,100
3698,10:03:43,$ 3352.93,100
3700,10:03:33,$ 3352.915,100
3701,10:03:33,$ 3353.2475,100
3702,10:03:27,$ 3352.57,100
3703,10:03:20,$ 3352.58,100
3704,10:03:16,$ 3352.635,100
3705,10:03:16,$ 3353.02,100
3706,10:03:16,$ 3353.00,100
3707,10:03:10,$ 3353.00,100
3708,10:03:10,$ 3353.00,100
3709,10:03:10,$ 3353.11,100
3710,10:03:10,$ 3353.29,100
3711,10:03:09,$ 3353.80,100
3712,10:03:06,$ 3355.02,100
3713,10:02:58,$ 3355.2699,100
3714,10:02:56,$ 3355.27,"1,000"
3715,10:02:53,$ 3353.3301,100
3716,10:02:53,$ 3354.37,100
3717,10:02:50,$ 3355.00,260
3718,10:02:50,$ 3355.00,401
3719,10:02:49,$ 3354.295,100
3721,10:02:49,$ 3354.36,100
3722,10:02:49,$ 3354.37,200
3723,10:02:49,$ 3354.285,100
3724,10:02:49,$ 3354.22,100
3725,10:02:49,$ 3354.36,100
3726,10:02:49,$ 3355.29,100
3727,10:02:49,$ 3355.30,100
3728,10:02:49,$ 3354.58,100
3729,10:02:49,$ 3354.61,100
3730,10:02:49,$ 3354.63,144
3731,10:02:49,$ 3354.63,100
3732,10:02:49,$ 3354.11,100
3733,10:02:49,$ 3354.36,100
3734,10:02:49,$ 3354.37,100
3735,10:02:37,$ 3353.3305,120
3736,10:02:36,$ 3353.81,100
3737,10:02:33,$ 3353.47,100
3738,10:02:24,$ 3354.8899,145
3739,10:02:23,$ 3354.46,100
3740,10:02:23,$ 3354.53,100
3742,10:02:12,$ 3354.325,100
3743,10:02:07,$ 3354.12,100
3744,10:01:59,$ 3354.15,100
3745,10:01:55,$ 3355.0501,100
3746,10:01:48,$ 3355.665,117
3747,10:01:45,$ 3355.85,100
3748,10:01:45,$ 3355.85,100
3749,10:01:45,$ 3355.85,100
3750,10:01:45,$ 3355.00,100
3751,10:01:45,$ 3355.00,200
3752,10:01:45,$ 3356.59,400
3753,10:01:45,$ 3355.85,200
3754,10:01:45,$ 3355.85,200
3755,10:01:45,$ 3355.00,100
3756,10:01:45,$ 3355.00,110
3757,10:01:45,$ 3354.84,200
3758,10:01:45,$ 3354.84,100
3759,10:01:45,$ 3354.779,200
3760,10:01:44,$ 3353.02,100
3761,10:01:36,$ 3353.34,100
3763,10:01:20,$ 3352.70,200
3764,10:01:20,$ 3353.3733,300
3765,10:01:18,$ 3353.54,222
3766,10:01:10,$ 3352.00,100
3767,10:01:09,$ 3353.9601,100
3768,10:01:07,$ 3353.205,103
3769,10:01:07,$ 3353.33,251
3770,10:01:05,$ 3353.5203,200
3771,10:01:00,$ 3353.04,100
3772,10:00:59,$ 3353.765,600
3773,10:00:59,$ 3354.55,165
3774,10:00:58,$ 3353.02,100
3775,10:00:36,$ 3353.03,152
3776,10:00:31,$ 3353.30,100
3777,10:00:20,$ 3353.875,100
3778,10:00:18,$ 3355.84,100
3779,10:00:16,$ 3356.70,100
3780,10:00:16,$ 3356.699,100
3781,10:00:15,$ 3356.68,100
3782,10:00:15,$ 3356.6799,100
3784,10:00:13,$ 3354.985,600
3785,10:00:11,$ 3355.74,100
3786,10:00:11,$ 3355.69,100
3787,10:00:10,$ 3354.035,100
3789,10:59:53,$ 3344.64,100
3790,10:59:53,$ 3344.64,100
3791,10:59:53,$ 3344.115,200
3792,10:59:48,$ 3344.68,100
3793,10:59:43,$ 3344.48,100
3794,10:59:43,$ 3344.46,100
3795,10:59:17,$ 3343.37,100
3796,10:59:13,$ 3342.83,100
3797,10:59:04,$ 3342.98,151
3798,10:58:56,$ 3343.7499,200
3799,10:58:54,$ 3343.76,100
3800,10:58:54,$ 3343.64,100
3801,10:58:54,$ 3343.76,100
3802,10:58:54,$ 3343.76,139
3803,10:58:49,$ 3343.76,100
3804,10:58:49,$ 3342.54,100
3805,10:58:49,$ 3343.76,100
3806,10:58:48,$ 3343.75,100
3807,10:58:48,$ 3343.74,115
3808,10:58:42,$ 3342.55,100
3810,10:58:35,$ 3342.55,100
3811,10:58:35,$ 3343.00,200
3812,10:58:34,$ 3342.576,100
3813,10:58:34,$ 3342.55,100
3814,10:58:20,$ 3343.28,200
3815,10:58:17,$ 3343.33,100
3816,10:58:17,$ 3343.36,100
3817,10:58:15,$ 3344.18,100
3818,10:58:12,$ 3342.51,100
3819,10:58:07,$ 3342.196,119
3820,10:57:57,$ 3342.13,300
3821,10:57:51,$ 3342.3278,250
3822,10:57:42,$ 3342.21,100
3823,10:57:42,$ 3342.15,500
3824,10:57:42,$ 3342.15,200
3825,10:57:42,$ 3342.67,100
3826,10:57:42,$ 3342.73,100
3827,10:57:42,$ 3343.01,100
3828,10:57:30,$ 3342.99,100
3829,10:57:23,$ 3342.27,178
3831,10:57:04,$ 3342.565,100
3832,10:57:02,$ 3342.565,100
3833,10:57:01,$ 3343.00,100
3834,10:56:51,$ 3343.13,100
3835,10:56:50,$ 3343.8066,221
3836,10:56:50,$ 3343.8066,279
3837,10:56:48,$ 3343.7957,300
3838,10:56:40,$ 3343.095,400
3839,10:56:38,$ 3343.47,100
3840,10:56:23,$ 3343.755,100
3841,10:56:14,$ 3343.71,100
3842,10:56:14,$ 3343.75,100
3843,10:56:08,$ 3343.92,100
3844,10:56:08,$ 3343.71,100
3845,10:56:08,$ 3344.63,229
3846,10:56:07,$ 3344.63,100
3847,10:56:06,$ 3344.73,100
3848,10:56:06,$ 3344.73,100
3849,10:56:03,$ 3344.84,100
3850,10:56:02,$ 3344.90,288
3852,10:56:00,$ 3345.10,100
3853,10:56:00,$ 3345.655,100
3854,10:55:59,$ 3345.82,100
3855,10:55:45,$ 3345.755,100
3856,10:55:45,$ 3346.27,100
3857,10:55:38,$ 3345.86,100
3858,10:55:38,$ 3345.855,100
3859,10:55:30,$ 3346.95,"1,000"
3860,10:55:28,$ 3346.885,100
3861,10:55:28,$ 3346.30,100
3862,10:55:28,$ 3346.30,100
3863,10:55:28,$ 3346.25,100
3864,10:55:28,$ 3346.24,100
3865,10:55:25,$ 3347.105,900
3866,10:55:24,$ 3345.8592,155
3867,10:55:21,$ 3346.52,309
3868,10:55:17,$ 3346.5195,100
3869,10:55:13,$ 3345.935,100
3870,10:55:06,$ 3347.0099,250
3871,10:54:57,$ 3346.5296,702
3873,10:54:57,$ 3346.62,100
