,NLS Time (ET),NLS Price,NLS Share Volume
1,09:59:59,$ 3451.34,100
2,09:59:59,$ 3451.92,203
3,09:59:59,$ 3451.92,100
4,09:59:59,$ 3452.07,400
5,09:59:58,$ 3451.995,100
6,09:59:53,$ 3451.36,100
7,09:59:49,$ 3452.01,400
8,09:59:49,$ 3451.837,100
9,09:59:49,$ 3452.01,400
10,09:59:48,$ 3452.02,100
11,09:59:48,$ 3451.67,100
12,09:59:48,$ 3451.58,100
13,09:59:48,$ 3452.53,100
14,09:59:48,$ 3451.92,100
15,09:59:47,$ 3451.9983,100
16,09:59:46,$ 3452.10,400
17,09:59:43,$ 3451.93,100
18,09:59:42,$ 3452.0001,500
19,09:59:42,$ 3452.00,100
20,09:59:42,$ 3451.92,100
22,09:59:36,$ 3450.94,100
23,09:59:36,$ 3450.94,317
24,09:59:34,$ 3451.18,100
25,09:59:33,$ 3450.451,200
26,09:59:32,$ 3450.59,400
27,09:59:30,$ 3450.7182,100
28,09:59:26,$ 3449.885,100
29,09:59:25,$ 3450.02,100
30,09:59:25,$ 3449.635,100
31,09:59:23,$ 3449.02,101
32,09:59:23,$ 3449.90,100
33,09:59:23,$ 3449.86,100
34,09:59:23,$ 3450.17,100
35,09:59:23,$ 3450.16,100
36,09:59:22,$ 3451.01,150
37,09:59:19,$ 3450.895,100
38,09:59:19,$ 3450.9675,100
39,09:59:19,$ 3450.895,100
40,09:59:19,$ 3451.42,100
41,09:59:19,$ 3450.88,500
43,09:59:19,$ 3450.875,200
44,09:59:19,$ 3451.00,200
45,09:59:19,$ 3450.552,100
46,09:59:15,$ 3450.7417,100
47,09:59:13,$ 3449.67,100
48,09:59:13,$ 3449.72,100
49,09:59:13,$ 3449.76,200
50,09:59:13,$ 3449.65,100
51,09:59:13,$ 3449.948,622
52,09:59:13,$ 3449.948,177
53,09:59:13,$ 3449.62,100
54,09:59:10,$ 3449.41,100
55,09:59:06,$ 3449.62,100
56,09:59:06,$ 3450.01,100
57,09:59:06,$ 3450.22,100
58,09:59:06,$ 3450.01,100
59,09:59:05,$ 3450.00,221
60,09:59:05,$ 3449.62,300
61,09:59:03,$ 3449.295,100
62,09:59:02,$ 3448.70,100
64,09:59:02,$ 3449.355,351
65,09:59:01,$ 3448.84,100
66,09:59:01,$ 3449.23,120
67,09:59:01,$ 3448.345,100
68,09:59:00,$ 3448.43,100
69,09:59:00,$ 3448.66,380
70,09:58:59,$ 3447.98,100
71,09:58:59,$ 3448.29,100
72,09:58:59,$ 3448.29,100
73,09:58:59,$ 3448.50,100
74,09:58:53,$ 3447.94,100
75,09:58:48,$ 3447.60,100
76,09:58:48,$ 3448.27,100
77,09:58:47,$ 3448.27,100
78,09:58:47,$ 3448.27,100
79,09:58:47,$ 3448.41,100
80,09:58:45,$ 3448.28,100
81,09:58:45,$ 3448.30,100
82,09:58:45,$ 3448.275,100
83,09:58:45,$ 3448.28,100
85,09:58:45,$ 3448.61,100
86,09:58:45,$ 3448.28,100
87,09:58:45,$ 3448.27,100
88,09:58:45,$ 3448.73,100
89,09:58:44,$ 3448.45,100
90,09:58:44,$ 3448.34,280
91,09:58:44,$ 3448.45,100
92,09:58:36,$ 3448.0829,286
93,09:58:30,$ 3447.57,150
94,09:58:28,$ 3447.66,100
95,09:58:28,$ 3447.66,100
96,09:58:25,$ 3447.43,400
97,09:58:25,$ 3447.42,273
98,09:58:21,$ 3446.64,100
99,09:58:19,$ 3447.25,397
100,09:58:19,$ 3447.255,200
101,09:58:17,$ 3447.51,358
102,09:58:17,$ 3447.57,100
103,09:58:16,$ 3448.60,400
104,09:58:16,$ 3448.12,100
106,09:58:14,$ 3448.72,100
107,09:58:12,$ 3448.59,380
108,09:58:12,$ 3448.59,380
109,09:58:12,$ 3448.64,100
110,09:58:12,$ 3448.93,100
111,09:58:12,$ 3448.95,100
112,09:58:12,$ 3449.38,100
113,09:58:12,$ 3448.93,100
114,09:58:12,$ 3449.7202,100
115,09:58:11,$ 3449.35,100
116,09:58:11,$ 3449.35,100
117,09:58:11,$ 3448.95,100
118,09:58:11,$ 3448.95,100
119,09:58:08,$ 3449.93,100
120,09:58:08,$ 3449.26,400
121,09:58:08,$ 3449.95,100
122,09:58:08,$ 3449.09,109
123,09:58:07,$ 3449.0821,335
124,09:58:02,$ 3448.91,300
125,09:58:02,$ 3448.81,109
127,09:58:02,$ 3448.81,200
128,09:58:02,$ 3448.79,200
129,09:58:02,$ 3448.81,300
130,09:58:02,$ 3448.81,200
131,09:57:55,$ 3447.8895,100
132,09:57:55,$ 3447.42,100
133,09:57:51,$ 3447.29,100
134,09:57:51,$ 3447.31,100
135,09:57:50,$ 3447.30,100
136,09:57:50,$ 3447.27,100
137,09:57:50,$ 3448.15,200
138,09:57:50,$ 3447.46,100
139,09:57:50,$ 3447.80,100
140,09:57:50,$ 3447.80,300
141,09:57:50,$ 3447.80,300
142,09:57:48,$ 3447.25,100
143,09:57:46,$ 3446.49,100
144,09:57:45,$ 3446.49,100
145,09:57:45,$ 3446.49,197
146,09:57:44,$ 3446.49,100
148,09:57:42,$ 3446.32,100
149,09:57:41,$ 3446.305,145
150,09:57:41,$ 3446.47,100
151,09:57:41,$ 3446.33,100
152,09:57:40,$ 3446.315,300
153,09:57:40,$ 3446.305,300
154,09:57:40,$ 3446.305,200
155,09:57:40,$ 3446.305,200
156,09:57:39,$ 3446.36,400
157,09:57:39,$ 3446.29,200
158,09:57:39,$ 3446.29,200
159,09:57:39,$ 3446.29,200
160,09:57:39,$ 3446.29,200
161,09:57:39,$ 3446.29,200
162,09:57:39,$ 3446.29,317
163,09:57:36,$ 3445.66,100
164,09:57:36,$ 3446.89,100
165,09:57:36,$ 3446.9299,200
166,09:57:36,$ 3446.31,124
167,09:57:35,$ 3446.35,100
169,09:57:30,$ 3445.89,100
170,09:57:24,$ 3446.74,100
171,09:57:24,$ 3446.415,204
172,09:57:23,$ 3446.01,400
173,09:57:23,$ 3446.01,400
174,09:57:21,$ 3445.185,100
175,09:57:21,$ 3445.52,100
176,09:57:19,$ 3444.6804,100
177,09:57:19,$ 3444.77,100
178,09:57:19,$ 3444.87,100
179,09:57:19,$ 3444.87,100
180,09:57:19,$ 3444.87,100
181,09:57:16,$ 3445.6331,100
182,09:57:10,$ 3444.7701,150
183,09:57:06,$ 3445.735,100
184,09:57:05,$ 3445.43,157
185,09:57:05,$ 3445.43,100
186,09:57:05,$ 3445.72,100
187,09:57:05,$ 3446.215,200
188,09:57:05,$ 3446.215,200
190,09:57:05,$ 3446.215,200
191,09:57:05,$ 3446.215,200
192,09:57:05,$ 3446.215,"1,000"
193,09:57:04,$ 3446.235,201
194,09:57:03,$ 3445.74,100
195,09:57:02,$ 3445.30,100
196,09:56:59,$ 3444.73,100
197,09:56:59,$ 3444.83,107
198,09:56:56,$ 3444.665,100
199,09:56:46,$ 3444.68,200
200,09:56:44,$ 3444.70,200
201,09:56:44,$ 3444.70,200
202,09:56:42,$ 3445.14,100
203,09:56:42,$ 3444.16,132
204,09:56:42,$ 3444.16,100
205,09:56:25,$ 3444.0699,100
206,09:56:23,$ 3444.82,100
207,09:56:20,$ 3444.765,100
208,09:56:18,$ 3444.40,100
209,09:56:18,$ 3444.39,200
211,09:56:16,$ 3443.0424,100
212,09:56:14,$ 3443.85,100
213,09:56:14,$ 3443.85,100
214,09:56:01,$ 3443.19,100
215,09:55:52,$ 3443.99,100
216,09:55:42,$ 3443.375,100
217,09:55:20,$ 3443.08,100
218,09:55:19,$ 3444.43,100
219,09:55:19,$ 3444.01,100
220,09:55:19,$ 3443.98,100
221,09:55:19,$ 3443.98,100
222,09:55:19,$ 3443.97,109
223,09:55:13,$ 3443.60,175
224,09:55:10,$ 3443.92,100
225,09:55:10,$ 3443.6243,200
226,09:55:08,$ 3443.60,109
227,09:55:08,$ 3443.60,200
228,09:55:00,$ 3443.98,200
229,09:54:46,$ 3443.50,100
230,09:54:39,$ 3443.38,100
232,09:54:20,$ 3444.505,100
233,09:54:13,$ 3443.095,100
234,09:54:12,$ 3442.52,100
235,09:54:11,$ 3443.03,127
236,09:54:07,$ 3443.38,100
237,09:54:07,$ 3442.97,100
238,09:53:40,$ 3442.08,100
239,09:53:34,$ 3442.9512,193
240,09:53:27,$ 3442.46,100
241,09:53:15,$ 3441.5516,100
242,09:53:15,$ 3440.4465,100
243,09:53:12,$ 3440.50,320
244,09:53:11,$ 3442.13,100
245,09:53:11,$ 3442.45,200
246,09:53:11,$ 3442.41,100
247,09:53:11,$ 3442.18,100
248,09:53:11,$ 3442.42,100
249,09:53:11,$ 3442.18,100
250,09:53:11,$ 3442.13,100
251,09:53:11,$ 3442.08,100
253,09:53:11,$ 3442.07,100
254,09:53:11,$ 3442.05,100
255,09:53:11,$ 3442.02,100
256,09:52:56,$ 3443.37,100
257,09:52:31,$ 3443.885,100
258,09:51:58,$ 3443.63,100
259,09:51:51,$ 3443.475,100
260,09:51:44,$ 3443.58,100
261,09:51:44,$ 3444.42,100
262,09:51:37,$ 3443.56,300
263,09:51:35,$ 3442.86,269
264,09:51:30,$ 3442.215,500
265,09:51:24,$ 3442.73,100
266,09:51:18,$ 3442.00,308
267,09:51:11,$ 3444.0482,100
268,09:51:02,$ 3444.82,100
269,09:50:58,$ 3444.05,100
270,09:50:56,$ 3444.52,100
271,09:50:55,$ 3445.11,100
272,09:50:54,$ 3445.07,100
274,09:50:54,$ 3445.20,100
275,09:50:54,$ 3445.01,100
276,09:50:54,$ 3445.23,100
277,09:50:46,$ 3446.705,100
278,09:50:46,$ 3446.9923,100
279,09:50:46,$ 3446.655,100
280,09:50:45,$ 3446.93,100
281,09:50:40,$ 3445.84,100
282,09:50:34,$ 3445.7701,584
283,09:50:34,$ 3445.7704,100
284,09:50:34,$ 3446.67,100
285,09:49:31,$ 3446.00,100
286,09:49:27,$ 3446.23,100
287,09:49:15,$ 3446.09,183
288,09:49:12,$ 3445.02,100
289,09:49:12,$ 3445.13,100
290,09:49:12,$ 3445.47,100
291,09:49:12,$ 3445.82,100
292,09:49:12,$ 3445.82,100
293,09:49:12,$ 3445.91,100
295,09:49:12,$ 3445.99,100
296,09:49:12,$ 3445.99,101
297,09:49:07,$ 3446.03,100
298,09:49:00,$ 3443.28,100
299,09:48:59,$ 3442.5802,100
300,09:48:59,$ 3442.58,100
301,09:48:59,$ 3442.59,316
302,09:48:59,$ 3443.49,100
303,09:48:58,$ 3443.20,100
304,09:48:51,$ 3442.56,100
305,09:48:45,$ 3442.20,200
306,09:48:42,$ 3442.37,100
307,09:48:41,$ 3443.2983,300
308,09:48:41,$ 3442.69,355
309,09:48:35,$ 3442.87,400
310,09:48:26,$ 3443.265,200
311,09:47:56,$ 3445.00,100
312,09:47:56,$ 3445.15,100
313,09:47:51,$ 3446.56,100
314,09:47:51,$ 3447.05,100
316,09:47:51,$ 3446.83,100
317,09:47:45,$ 3447.3046,100
318,09:47:42,$ 3446.54,100
319,09:47:41,$ 3446.54,100
320,09:47:21,$ 3448.50,100
321,09:47:21,$ 3448.49,100
322,09:47:16,$ 3449.1246,100
323,09:47:10,$ 3449.00,100
324,09:47:10,$ 3448.93,100
325,09:47:08,$ 3448.6754,100
326,09:46:56,$ 3448.115,100
327,09:46:51,$ 3446.68,100
328,09:46:51,$ 3447.415,100
329,09:46:49,$ 3447.545,100
330,09:46:46,$ 3447.70,100
331,09:46:45,$ 3448.23,100
332,09:46:40,$ 3448.225,100
333,09:46:40,$ 3448.01,100
334,09:46:35,$ 3448.02,100
335,09:46:35,$ 3448.00,190
337,09:46:35,$ 3448.00,100
338,09:46:32,$ 3449.09,100
339,09:46:32,$ 3448.11,188
340,09:46:32,$ 3448.12,220
341,09:46:32,$ 3448.12,180
342,09:46:32,$ 3448.19,100
343,09:46:21,$ 3449.6875,100
344,09:46:19,$ 3450.48,100
345,09:46:19,$ 3450.48,100
346,09:46:17,$ 3450.99,100
347,09:46:15,$ 3450.59,100
348,09:46:04,$ 3449.90,100
349,09:46:04,$ 3449.905,100
350,09:45:57,$ 3448.39,199
351,09:45:56,$ 3448.3904,525
352,09:45:56,$ 3448.63,100
353,09:45:38,$ 3449.8175,100
354,09:45:38,$ 3449.8575,100
355,09:45:38,$ 3449.55,100
356,09:45:38,$ 3449.815,100
358,09:45:38,$ 3449.815,100
359,09:45:36,$ 3450.585,100
360,09:45:35,$ 3450.215,100
361,09:45:31,$ 3449.43,100
362,09:45:28,$ 3449.84,100
363,09:45:28,$ 3449.83,100
364,09:45:26,$ 3450.31,100
365,09:45:25,$ 3450.5351,125
366,09:45:24,$ 3450.145,100
367,09:45:23,$ 3450.21,100
368,09:45:23,$ 3450.21,100
369,09:45:23,$ 3450.37,100
370,09:45:11,$ 3450.00,100
371,09:45:07,$ 3450.33,100
372,09:45:07,$ 3450.33,100
373,09:45:07,$ 3450.17,100
374,09:45:07,$ 3450.17,100
375,09:45:06,$ 3450.55,100
376,09:45:05,$ 3450.42,100
377,09:45:04,$ 3450.53,100
379,09:45:03,$ 3450.87,100
380,09:45:01,$ 3450.45,100
381,09:44:57,$ 3451.49,100
382,09:44:57,$ 3450.355,100
383,09:44:55,$ 3450.32,100
384,09:44:52,$ 3450.35,100
385,09:44:51,$ 3450.33,149
386,09:44:48,$ 3450.0876,100
387,09:44:47,$ 3450.26,100
388,09:44:47,$ 3450.65,122
389,09:44:47,$ 3450.465,100
390,09:44:47,$ 3450.63,100
391,09:44:47,$ 3450.65,100
392,09:44:47,$ 3450.71,100
393,09:44:47,$ 3450.71,100
394,09:44:47,$ 3450.71,109
395,09:44:44,$ 3449.765,100
396,09:44:43,$ 3449.86,100
397,09:44:43,$ 3449.26,100
398,09:44:42,$ 3450.466,100
400,09:44:38,$ 3449.21,100
401,09:44:38,$ 3449.24,100
402,09:44:38,$ 3450.30,100
403,09:44:38,$ 3449.125,100
404,09:44:32,$ 3449.28,100
405,09:44:22,$ 3449.045,100
406,09:44:22,$ 3449.045,100
407,09:44:22,$ 3448.62,100
408,09:44:15,$ 3448.035,100
409,09:44:11,$ 3448.035,200
410,09:44:09,$ 3448.22,200
411,09:44:07,$ 3448.98,125
412,09:44:07,$ 3448.21,103
413,09:43:57,$ 3447.185,100
414,09:43:55,$ 3448.215,200
415,09:43:46,$ 3448.00,100
416,09:43:46,$ 3448.085,100
417,09:43:45,$ 3448.50,100
418,09:43:44,$ 3448.30,200
419,09:43:41,$ 3448.41,100
421,09:43:41,$ 3448.41,100
422,09:43:34,$ 3448.00,100
423,09:43:33,$ 3447.95,100
424,09:43:33,$ 3447.95,100
425,09:43:24,$ 3448.37,200
426,09:43:22,$ 3448.515,100
427,09:43:13,$ 3447.935,100
428,09:42:59,$ 3446.545,200
429,09:42:59,$ 3446.545,100
430,09:42:47,$ 3447.55,100
431,09:42:42,$ 3447.04,200
432,09:42:35,$ 3448.02,100
433,09:42:34,$ 3448.55,100
434,09:42:34,$ 3448.01,100
435,09:42:32,$ 3448.00,100
436,09:42:29,$ 3448.48,100
437,09:42:22,$ 3447.57,100
438,09:42:09,$ 3447.43,100
439,09:42:07,$ 3447.80,100
440,09:42:05,$ 3447.43,100
442,09:42:03,$ 3447.995,100
443,09:42:02,$ 3447.85,197
444,09:42:02,$ 3448.01,203
445,09:42:02,$ 3447.85,109
446,09:42:02,$ 3447.45,100
447,09:42:02,$ 3447.72,100
448,09:41:59,$ 3448.00,100
449,09:41:59,$ 3448.01,100
450,09:41:59,$ 3448.01,200
451,09:41:59,$ 3448.01,200
452,09:41:55,$ 3447.885,109
453,09:41:52,$ 3448.18,100
454,09:41:49,$ 3447.64,100
455,09:41:43,$ 3446.17,100
456,09:41:38,$ 3447.61,100
457,09:41:38,$ 3447.825,100
458,09:41:36,$ 3447.91,100
459,09:41:35,$ 3447.035,100
460,09:41:24,$ 3446.15,100
461,09:41:18,$ 3445.49,100
463,09:41:16,$ 3445.22,100
464,09:41:14,$ 3444.94,100
465,09:41:14,$ 3444.86,100
466,09:41:14,$ 3445.755,100
467,09:41:04,$ 3444.89,100
468,09:41:01,$ 3445.625,200
469,09:41:01,$ 3446.33,100
470,09:41:00,$ 3444.88,100
471,09:41:00,$ 3444.94,200
472,09:41:00,$ 3444.89,100
473,09:40:59,$ 3445.33,100
474,09:40:59,$ 3445.845,100
475,09:40:51,$ 3446.405,200
476,09:40:39,$ 3445.2116,243
477,09:40:37,$ 3445.87,100
478,09:40:37,$ 3445.76,100
479,09:40:31,$ 3446.60,100
480,09:40:31,$ 3446.55,100
481,09:40:31,$ 3445.77,100
482,09:40:25,$ 3445.925,100
484,09:40:21,$ 3445.17,100
485,09:40:19,$ 3444.12,100
486,09:40:19,$ 3444.07,100
487,09:40:18,$ 3443.00,100
488,09:40:16,$ 3444.03,100
489,09:40:13,$ 3443.40,100
490,09:40:11,$ 3444.03,200
491,09:40:11,$ 3443.62,186
492,09:40:11,$ 3443.60,100
493,09:40:10,$ 3444.64,100
494,09:40:09,$ 3444.60,200
495,09:40:05,$ 3445.27,100
496,09:40:05,$ 3445.46,100
497,09:40:05,$ 3446.68,100
498,09:40:05,$ 3447.16,100
499,09:40:05,$ 3447.80,100
500,09:40:03,$ 3447.875,100
501,09:40:03,$ 3447.875,100
502,09:39:56,$ 3447.25,375
503,09:39:54,$ 3446.59,100
505,09:39:49,$ 3446.19,100
506,09:39:49,$ 3446.16,100
507,09:39:49,$ 3446.165,100
508,09:39:49,$ 3446.16,100
509,09:39:49,$ 3446.21,100
510,09:39:49,$ 3446.17,100
511,09:39:48,$ 3447.4797,173
512,09:39:42,$ 3447.97,100
513,09:39:41,$ 3448.58,100
514,09:39:41,$ 3448.45,100
515,09:39:41,$ 3448.45,109
516,09:39:41,$ 3448.62,100
517,09:39:41,$ 3448.25,100
518,09:39:40,$ 3447.345,100
519,09:39:40,$ 3447.27,100
520,09:39:40,$ 3447.27,100
521,09:39:40,$ 3447.27,100
522,09:39:40,$ 3447.27,100
523,09:39:40,$ 3447.355,100
524,09:39:38,$ 3447.00,100
526,09:39:38,$ 3447.14,100
527,09:39:38,$ 3447.14,100
528,09:39:36,$ 3446.54,400
529,09:39:36,$ 3446.34,100
530,09:39:34,$ 3444.765,100
531,09:39:34,$ 3445.09,100
532,09:39:34,$ 3445.44,100
533,09:39:34,$ 3445.795,100
534,09:39:34,$ 3445.09,200
535,09:39:34,$ 3445.68,100
536,09:39:34,$ 3445.73,100
537,09:39:34,$ 3445.15,100
538,09:39:30,$ 3445.005,200
539,09:39:30,$ 3445.24,100
540,09:39:28,$ 3446.34,100
541,09:39:27,$ 3445.93,100
542,09:39:27,$ 3445.93,100
543,09:39:27,$ 3446.075,100
544,09:39:27,$ 3445.9325,100
545,09:39:26,$ 3445.8525,100
547,09:39:25,$ 3445.09,100
548,09:39:25,$ 3445.42,100
549,09:39:22,$ 3446.47,100
550,09:39:21,$ 3445.90,100
551,09:39:21,$ 3445.90,100
552,09:39:21,$ 3445.90,593
553,09:39:20,$ 3445.5699,285
554,09:39:19,$ 3445.58,200
555,09:39:19,$ 3445.8999,400
556,09:39:19,$ 3445.8999,100
557,09:39:19,$ 3445.90,100
558,09:39:18,$ 3444.76,600
559,09:39:16,$ 3445.23,100
560,09:39:14,$ 3443.9721,100
561,09:39:13,$ 3443.805,500
562,09:39:12,$ 3443.81,100
563,09:39:11,$ 3444.57,100
564,09:39:04,$ 3444.42,100
565,09:39:04,$ 3444.43,743
566,09:39:04,$ 3444.43,100
568,09:39:02,$ 3444.43,100
569,09:39:00,$ 3443.80,100
570,09:38:59,$ 3443.75,100
571,09:38:59,$ 3443.88,100
572,09:38:59,$ 3443.80,100
573,09:38:59,$ 3443.49,200
574,09:38:59,$ 3443.80,100
575,09:38:59,$ 3443.94,100
576,09:38:55,$ 3443.59,317
577,09:38:53,$ 3443.1893,100
578,09:38:52,$ 3443.82,100
579,09:38:52,$ 3443.84,100
580,09:38:51,$ 3444.01,100
581,09:38:51,$ 3444.02,100
582,09:38:51,$ 3443.83,100
583,09:38:51,$ 3443.31,100
584,09:38:51,$ 3443.73,100
585,09:38:51,$ 3443.80,100
586,09:38:51,$ 3443.51,200
587,09:38:51,$ 3443.305,300
589,09:38:51,$ 3443.51,100
590,09:38:51,$ 3443.50,100
591,09:38:50,$ 3443.7739,100
592,09:38:49,$ 3444.515,100
593,09:38:49,$ 3444.515,100
594,09:38:49,$ 3444.515,100
595,09:38:49,$ 3444.515,100
596,09:38:49,$ 3444.515,100
597,09:38:49,$ 3444.37,100
598,09:38:49,$ 3444.37,100
599,09:38:49,$ 3444.37,100
600,09:38:49,$ 3443.50,100
601,09:38:49,$ 3443.18,100
602,09:38:49,$ 3443.50,100
603,09:38:49,$ 3443.50,100
604,09:38:49,$ 3443.62,100
605,09:38:49,$ 3443.24,100
606,09:38:49,$ 3443.24,100
607,09:38:49,$ 3443.44,100
608,09:38:46,$ 3443.025,100
610,09:38:40,$ 3441.95,100
611,09:38:40,$ 3441.875,100
612,09:38:40,$ 3441.51,100
613,09:38:35,$ 3440.74,100
614,09:38:35,$ 3440.88,100
615,09:38:35,$ 3440.83,100
616,09:38:35,$ 3440.97,100
617,09:38:35,$ 3440.10,100
618,09:38:35,$ 3440.74,100
619,09:38:35,$ 3440.75,100
620,09:38:35,$ 3440.855,100
621,09:38:35,$ 3440.81,100
622,09:38:35,$ 3440.81,100
623,09:38:35,$ 3440.27,100
624,09:38:35,$ 3440.81,100
625,09:38:35,$ 3440.81,100
626,09:38:35,$ 3440.81,100
627,09:38:35,$ 3440.96,100
628,09:38:35,$ 3440.97,100
629,09:38:35,$ 3440.97,100
631,09:38:35,$ 3439.95,100
632,09:38:35,$ 3440.02,100
633,09:38:35,$ 3440.57,100
634,09:38:35,$ 3439.94,100
635,09:38:35,$ 3440.00,100
636,09:38:35,$ 3440.00,100
637,09:38:35,$ 3440.08,100
638,09:38:35,$ 3440.22,100
639,09:38:35,$ 3440.45,100
640,09:38:35,$ 3440.47,100
641,09:38:33,$ 3440.37,101
642,09:38:33,$ 3440.37,109
643,09:38:33,$ 3440.37,109
644,09:38:33,$ 3440.37,109
645,09:38:30,$ 3439.76,100
646,09:38:27,$ 3440.135,100
647,09:38:25,$ 3439.955,100
648,09:38:24,$ 3439.905,100
649,09:38:24,$ 3439.305,100
650,09:38:24,$ 3439.95,100
652,09:38:24,$ 3439.88,196
653,09:38:21,$ 3439.47,100
654,09:38:20,$ 3439.4699,150
655,09:38:19,$ 3438.86,100
656,09:38:16,$ 3438.56,500
657,09:38:13,$ 3438.38,100
658,09:38:08,$ 3438.56,109
659,09:38:05,$ 3436.44,100
660,09:38:03,$ 3437.135,100
661,09:38:03,$ 3436.55,100
662,09:38:03,$ 3436.55,100
663,09:38:02,$ 3436.76,109
664,09:38:02,$ 3436.77,170
665,09:38:02,$ 3437.61,100
666,09:38:02,$ 3437.56,100
667,09:37:58,$ 3437.995,300
668,09:37:56,$ 3437.54,100
669,09:37:55,$ 3438.11,100
670,09:37:53,$ 3438.65,100
671,09:37:53,$ 3438.65,100
673,09:37:52,$ 3438.09,100
674,09:37:52,$ 3438.69,100
675,09:37:52,$ 3438.65,100
676,09:37:52,$ 3438.78,100
677,09:37:49,$ 3439.30,100
678,09:37:43,$ 3439.18,100
679,09:37:41,$ 3439.8079,100
680,09:37:35,$ 3440.03,100
681,09:37:34,$ 3439.0401,200
682,09:37:30,$ 3440.195,100
683,09:37:29,$ 3440.18,100
684,09:37:26,$ 3439.74,109
685,09:37:26,$ 3439.74,100
686,09:37:26,$ 3439.74,109
687,09:37:26,$ 3439.74,100
688,09:37:25,$ 3439.0201,452
689,09:37:23,$ 3439.90,100
690,09:37:21,$ 3439.83,100
691,09:37:21,$ 3439.74,100
692,09:37:21,$ 3439.78,100
694,09:37:21,$ 3438.57,100
695,09:37:13,$ 3439.25,100
696,09:37:13,$ 3438.69,100
697,09:37:13,$ 3438.80,100
698,09:37:13,$ 3438.69,100
699,09:37:13,$ 3439.29,620
700,09:37:05,$ 3438.35,100
701,09:37:05,$ 3438.35,109
702,09:37:03,$ 3438.15,100
703,09:37:03,$ 3437.09,100
704,09:37:03,$ 3437.718,500
705,09:37:02,$ 3438.08,100
706,09:37:02,$ 3439.06,100
707,09:36:55,$ 3438.7991,250
708,09:36:52,$ 3438.44,100
709,09:36:51,$ 3438.34,100
710,09:36:43,$ 3438.9931,100
711,09:36:41,$ 3439.74,100
712,09:36:40,$ 3439.805,137
713,09:36:35,$ 3439.74,100
715,09:36:35,$ 3439.74,100
716,09:36:35,$ 3439.74,109
717,09:36:34,$ 3440.0371,500
718,09:36:32,$ 3439.895,100
719,09:36:31,$ 3440.00,100
720,09:36:30,$ 3439.74,109
721,09:36:26,$ 3439.63,100
722,09:36:26,$ 3439.79,100
723,09:36:26,$ 3439.79,100
724,09:36:26,$ 3440.325,198
725,09:36:20,$ 3440.01,100
726,09:36:19,$ 3440.12,100
727,09:36:17,$ 3440.12,100
728,09:36:11,$ 3442.41,100
729,09:36:11,$ 3442.19,100
730,09:36:10,$ 3441.39,100
731,09:36:10,$ 3442.23,100
732,09:36:08,$ 3444.285,100
733,09:36:08,$ 3444.21,100
734,09:36:08,$ 3444.21,100
736,09:36:06,$ 3444.47,100
737,09:36:06,$ 3445.01,100
738,09:36:02,$ 3443.61,100
739,09:36:02,$ 3443.64,109
740,09:36:02,$ 3443.64,109
741,09:36:02,$ 3443.64,109
742,09:36:00,$ 3443.35,100
743,09:36:00,$ 3443.635,100
744,09:35:59,$ 3443.365,100
745,09:35:59,$ 3444.09,100
746,09:35:44,$ 3444.08,100
747,09:35:44,$ 3444.085,100
748,09:35:44,$ 3443.865,108
749,09:35:42,$ 3443.60,100
750,09:35:35,$ 3443.91,100
751,09:35:33,$ 3443.59,100
752,09:35:32,$ 3443.01,119
753,09:35:32,$ 3443.88,100
754,09:35:32,$ 3442.60,145
755,09:35:29,$ 3443.34,100
757,09:35:29,$ 3443.49,100
758,09:35:29,$ 3443.04,200
759,09:35:26,$ 3441.11,100
760,09:35:21,$ 3442.77,100
761,09:35:21,$ 3443.62,100
762,09:35:21,$ 3443.62,100
763,09:35:21,$ 3443.47,100
764,09:35:21,$ 3443.47,200
765,09:35:20,$ 3441.84,100
766,09:35:14,$ 3442.40,100
767,09:35:14,$ 3441.98,100
768,09:35:14,$ 3442.12,100
769,09:35:14,$ 3442.12,100
770,09:35:14,$ 3442.07,100
771,09:35:14,$ 3442.12,100
772,09:35:14,$ 3441.76,100
773,09:35:09,$ 3440.60,100
774,09:35:08,$ 3441.6906,200
775,09:35:07,$ 3441.07,100
776,09:35:07,$ 3442.40,100
778,09:35:07,$ 3441.1258,500
779,09:35:05,$ 3441.67,100
780,09:35:05,$ 3441.5731,150
781,09:35:05,$ 3440.3582,100
782,09:35:01,$ 3440.88,100
783,09:35:01,$ 3440.115,100
784,09:34:59,$ 3438.5538,200
785,09:34:59,$ 3438.86,100
786,09:34:59,$ 3438.89,100
787,09:34:59,$ 3440.00,100
788,09:34:52,$ 3440.94,100
789,09:34:51,$ 3441.37,100
790,09:34:46,$ 3440.60,100
791,09:34:46,$ 3441.4378,300
792,09:34:46,$ 3441.11,100
793,09:34:46,$ 3440.1734,600
794,09:34:44,$ 3441.08,125
795,09:34:44,$ 3440.60,200
796,09:34:42,$ 3441.26,100
797,09:34:40,$ 3441.09,100
799,09:34:40,$ 3441.08,100
800,09:34:39,$ 3441.29,500
801,09:34:33,$ 3440.03,618
802,09:34:32,$ 3441.00,198
803,09:34:28,$ 3442.96,100
804,09:34:28,$ 3442.97,100
805,09:34:28,$ 3443.4802,100
806,09:34:26,$ 3443.82,100
807,09:34:18,$ 3442.3402,100
808,09:34:18,$ 3442.94,100
809,09:34:16,$ 3443.715,100
810,09:34:16,$ 3443.7665,100
811,09:34:16,$ 3443.7665,100
812,09:34:16,$ 3443.7538,100
813,09:34:16,$ 3443.71,100
814,09:34:16,$ 3443.69,100
815,09:34:16,$ 3443.16,100
816,09:34:16,$ 3443.46,150
817,09:34:16,$ 3443.62,200
818,09:34:15,$ 3444.755,140
820,09:34:13,$ 3442.81,100
821,09:34:06,$ 3444.79,100
822,09:34:05,$ 3445.01,100
823,09:34:05,$ 3445.01,100
824,09:34:05,$ 3445.00,100
825,09:34:02,$ 3446.2825,100
826,09:34:02,$ 3446.19,100
827,09:34:02,$ 3446.055,100
828,09:34:02,$ 3446.05,100
829,09:34:02,$ 3446.00,100
830,09:34:02,$ 3446.2575,100
831,09:34:02,$ 3446.0225,100
832,09:34:02,$ 3446.205,100
833,09:34:02,$ 3446.055,100
834,09:34:02,$ 3445.99,100
835,09:34:02,$ 3445.99,100
836,09:34:02,$ 3446.13,100
837,09:34:00,$ 3444.82,100
838,09:34:00,$ 3444.80,315
839,09:34:00,$ 3444.80,129
841,09:34:00,$ 3445.00,100
842,09:33:57,$ 3446.09,101
843,09:33:57,$ 3446.12,100
844,09:33:57,$ 3446.09,200
845,09:33:57,$ 3445.99,100
846,09:33:57,$ 3446.07,103
847,09:33:52,$ 3447.185,100
848,09:33:50,$ 3446.595,100
849,09:33:48,$ 3447.9999,100
850,09:33:47,$ 3447.82,100
851,09:33:47,$ 3446.97,100
852,09:33:46,$ 3446.26,109
853,09:33:45,$ 3446.51,100
854,09:33:43,$ 3447.01,100
855,09:33:40,$ 3448.77,100
856,09:33:34,$ 3447.43,100
857,09:33:33,$ 3447.83,100
858,09:33:32,$ 3448.21,100
859,09:33:32,$ 3448.21,100
860,09:33:26,$ 3449.80,100
862,09:33:22,$ 3448.06,200
863,09:33:22,$ 3449.37,100
864,09:33:22,$ 3449.37,137
865,09:33:18,$ 3449.92,100
866,09:33:18,$ 3450.00,216
867,09:33:18,$ 3449.56,100
868,09:33:18,$ 3449.58,100
869,09:33:18,$ 3449.51,100
870,09:33:18,$ 3449.515,100
871,09:33:18,$ 3449.51,100
872,09:33:18,$ 3449.48,100
873,09:33:18,$ 3449.48,100
874,09:33:18,$ 3449.48,100
875,09:33:18,$ 3449.49,100
876,09:33:18,$ 3449.51,109
877,09:33:14,$ 3449.2662,100
878,09:33:10,$ 3450.66,868
879,09:33:10,$ 3450.00,100
880,09:33:08,$ 3450.355,100
881,09:33:08,$ 3450.11,100
883,09:33:06,$ 3449.875,100
884,09:33:06,$ 3449.88,100
885,09:33:05,$ 3449.89,100
886,09:33:05,$ 3449.67,100
887,09:33:05,$ 3450.00,100
888,09:33:05,$ 3450.00,164
889,09:33:05,$ 3450.31,100
890,09:32:59,$ 3450.80,100
891,09:32:58,$ 3452.06,100
892,09:32:57,$ 3451.92,100
893,09:32:57,$ 3452.25,100
894,09:32:57,$ 3451.61,100
895,09:32:57,$ 3452.055,100
896,09:32:57,$ 3451.92,100
897,09:32:51,$ 3452.32,100
898,09:32:37,$ 3453.67,100
899,09:32:36,$ 3453.0592,313
900,09:32:35,$ 3453.16,100
901,09:32:28,$ 3453.75,100
902,09:32:26,$ 3453.8672,100
904,09:32:26,$ 3453.32,100
905,09:32:16,$ 3452.89,100
906,09:32:11,$ 3453.16,100
907,09:32:02,$ 3452.32,100
908,09:31:56,$ 3452.37,365
909,09:31:56,$ 3452.37,172
910,09:31:51,$ 3451.84,100
911,09:31:51,$ 3451.62,100
912,09:31:45,$ 3452.50,101
913,09:31:45,$ 3452.50,272
914,09:31:45,$ 3452.50,"1,770"
915,09:31:45,$ 3452.50,112
916,09:31:43,$ 3454.28,100
917,09:31:43,$ 3453.52,100
918,09:31:43,$ 3452.42,100
919,09:31:33,$ 3451.902,100
920,09:31:31,$ 3452.13,100
921,09:31:31,$ 3452.13,100
922,09:31:31,$ 3452.20,100
923,09:31:31,$ 3452.20,109
925,09:31:31,$ 3452.20,109
926,09:31:31,$ 3452.20,109
927,09:31:31,$ 3452.20,100
928,09:31:31,$ 3452.20,100
929,09:31:31,$ 3452.20,100
930,09:31:31,$ 3452.20,100
931,09:31:31,$ 3452.20,100
932,09:31:29,$ 3453.00,100
933,09:31:28,$ 3452.39,100
934,09:31:24,$ 3453.2404,100
935,09:31:24,$ 3453.24,100
936,09:31:24,$ 3453.23,100
937,09:31:24,$ 3453.23,100
938,09:31:23,$ 3453.24,400
939,09:31:23,$ 3453.22,100
940,09:31:21,$ 3453.2504,100
941,09:31:21,$ 3453.25,100
942,09:31:20,$ 3453.25,100
943,09:31:20,$ 3453.26,100
944,09:31:20,$ 3453.35,100
946,09:31:13,$ 3453.2504,100
947,09:31:13,$ 3453.26,100
948,09:31:13,$ 3453.25,100
949,09:31:13,$ 3453.25,100
950,09:31:10,$ 3453.25,100
951,09:31:10,$ 3453.50,100
952,09:31:10,$ 3453.50,100
953,09:31:10,$ 3453.49,100
954,09:31:10,$ 3453.18,100
955,09:31:10,$ 3453.18,155
956,09:31:09,$ 3453.56,100
957,09:31:09,$ 3453.61,100
958,09:31:09,$ 3451.53,100
959,09:31:09,$ 3451.57,100
960,09:31:09,$ 3451.62,100
961,09:31:09,$ 3451.63,100
962,09:31:09,$ 3451.63,100
963,09:31:07,$ 3451.795,150
964,09:31:00,$ 3449.195,100
965,09:30:59,$ 3449.97,100
967,09:30:59,$ 3450.37,100
968,09:30:59,$ 3450.75,100
969,09:30:59,$ 3449.835,100
970,09:30:58,$ 3450.00,100
971,09:30:58,$ 3450.07,100
972,09:30:58,$ 3450.00,109
973,09:30:57,$ 3451.34,100
974,09:30:56,$ 3450.3058,173
975,09:30:54,$ 3450.90,150
976,09:30:52,$ 3453.30,100
977,09:30:46,$ 3449.48,100
978,09:30:46,$ 3449.48,100
979,09:30:46,$ 3451.00,100
980,09:30:46,$ 3451.00,109
981,09:30:46,$ 3451.00,109
982,09:30:46,$ 3451.00,109
983,09:30:46,$ 3451.00,109
984,09:30:46,$ 3451.00,109
985,09:30:46,$ 3451.00,109
986,09:30:46,$ 3451.00,109
988,09:30:46,$ 3451.00,109
989,09:30:44,$ 3449.49,200
990,09:30:36,$ 3451.16,100
991,09:30:36,$ 3451.21,100
992,09:30:36,$ 3451.22,100
993,09:30:36,$ 3451.34,100
994,09:30:35,$ 3450.00,100
995,09:30:35,$ 3450.00,109
996,09:30:35,$ 3450.20,100
997,09:30:35,$ 3450.20,280
998,09:30:35,$ 3450.00,100
999,09:30:34,$ 3450.21,300
1000,09:30:34,$ 3451.23,100
1001,09:30:34,$ 3452.03,100
1002,09:30:34,$ 3451.33,100
1003,09:30:34,$ 3451.33,100
1004,09:30:33,$ 3451.1665,200
1005,09:30:32,$ 3452.10,100
1006,09:30:31,$ 3451.18,100
1007,09:30:31,$ 3452.18,100
1009,09:30:30,$ 3452.25,100
1010,09:30:30,$ 3452.20,100
1011,09:30:30,$ 3452.25,200
1012,09:30:30,$ 3452.25,970
1013,09:30:30,$ 3452.19,100
1014,09:30:30,$ 3452.14,100
1015,09:30:29,$ 3452.39,240
1016,09:30:29,$ 3452.04,100
1017,09:30:29,$ 3451.17,100
1018,09:30:29,$ 3451.98,100
1019,09:30:25,$ 3452.39,100
1020,09:30:25,$ 3452.11,100
1021,09:30:22,$ 3453.145,100
1022,09:30:19,$ 3454.85,100
1023,09:30:12,$ 3450.80,200
1024,09:30:11,$ 3450.80,200
1025,09:30:09,$ 3450.79,200
1026,09:30:09,$ 3452.72,100
1027,09:30:09,$ 3452.72,100
1028,09:30:07,$ 3452.68,100
1030,09:30:07,$ 3452.73,100
1031,09:30:06,$ 3452.40,100
1032,09:30:06,$ 3452.40,109
1033,09:30:06,$ 3452.40,109
1034,09:30:06,$ 3452.40,109
1035,09:30:06,$ 3452.40,109
1036,09:30:06,$ 3451.22,100
1037,09:30:06,$ 3451.52,100
1038,09:30:06,$ 3451.52,100
1039,09:30:05,$ 3449.79,106
1040,09:30:05,$ 3449.90,100
1041,09:30:05,$ 3449.50,100
1042,09:30:05,$ 3449.75,100
1043,09:30:05,$ 3449.79,100
1044,09:30:03,$ 3449.00,109
1045,09:30:03,$ 3449.60,109
1046,09:30:03,$ 3449.60,109
1047,09:30:02,$ 3453.94,5
1048,09:30:02,$ 3453.94,1
1049,09:30:02,$ 3453.94,1
1051,09:30:02,$ 3453.94,4
1052,09:30:02,$ 3453.94,4
1053,09:30:02,$ 3453.94,10
1054,09:30:02,$ 3453.94,5
1055,09:30:02,$ 3453.94,1
1056,09:30:02,$ 3453.94,15
1057,09:30:02,$ 3453.94,1
1058,09:30:02,$ 3453.94,3
1059,09:30:02,$ 3453.94,10
1060,09:30:02,$ 3453.94,1
1061,09:30:02,$ 3453.94,1
1062,09:30:02,$ 3453.94,1
1063,09:30:02,$ 3453.94,2
1064,09:30:02,$ 3453.94,2
1065,09:30:02,$ 3453.94,3
1066,09:30:02,$ 3453.94,1
1067,09:30:02,$ 3453.94,1
1068,09:30:02,$ 3453.94,35
1069,09:30:02,$ 3453.94,3
1070,09:30:02,$ 3453.94,25
1072,09:30:02,$ 3453.94,2
1073,09:30:02,$ 3453.94,3
1074,09:30:02,$ 3453.94,1
1075,09:30:02,$ 3453.94,3
1076,09:30:02,$ 3453.94,2
1077,09:30:02,$ 3453.94,1
1078,09:30:02,$ 3453.94,1
1079,09:30:02,$ 3453.94,1
1080,09:30:02,$ 3453.94,25
1081,09:30:02,$ 3453.94,3
1082,09:30:02,$ 3453.94,285
1083,09:30:02,$ 3453.94,17
1084,09:30:02,$ 3453.94,9
1085,09:30:02,$ 3453.94,1
1086,09:30:02,$ 3453.94,6
1087,09:30:02,$ 3453.94,1
1088,09:30:02,$ 3453.94,2
1089,09:30:02,$ 3453.94,4
1090,09:30:02,$ 3453.94,1
1091,09:30:02,$ 3453.94,1
1093,09:30:02,$ 3453.94,15
1094,09:30:02,$ 3453.94,3
1095,09:30:02,$ 3453.94,6
1096,09:30:02,$ 3453.94,2
1097,09:30:02,$ 3453.94,2
1098,09:30:02,$ 3453.94,2
1099,09:30:02,$ 3453.94,4
1100,09:30:02,$ 3453.94,3
1101,09:30:02,$ 3453.94,32
1102,09:30:02,$ 3453.94,21
1103,09:30:02,$ 3453.94,110
1104,09:30:02,$ 3453.94,1
1105,09:30:02,$ 3453.94,1
1106,09:30:02,$ 3453.94,2
1107,09:30:02,$ 3453.94,5
1108,09:30:02,$ 3453.94,2
1109,09:30:02,$ 3453.94,1
1110,09:30:02,$ 3453.94,1
1111,09:30:02,$ 3453.94,2
1112,09:30:02,$ 3453.94,9
1114,09:30:02,$ 3453.94,3
1115,09:30:02,$ 3453.94,1
1116,09:30:02,$ 3453.94,4
1117,09:30:02,$ 3453.94,2
1118,09:30:02,$ 3453.94,2
1119,09:30:02,$ 3453.94,1
1120,09:30:02,$ 3453.94,1
1121,09:30:02,$ 3453.94,1
1122,09:30:02,$ 3453.94,1
1123,09:30:02,$ 3453.94,12
1124,09:30:02,$ 3453.94,1
1125,09:30:02,$ 3453.94,1
1126,09:30:02,$ 3453.94,6
1127,09:30:02,$ 3453.94,2
1128,09:30:02,$ 3453.94,1
1129,09:30:02,$ 3453.94,1
1130,09:30:02,$ 3453.94,3
1131,09:30:02,$ 3453.94,9
1132,09:30:02,$ 3453.94,3
1133,09:30:02,$ 3453.94,1
1135,09:30:02,$ 3453.94,1
1136,09:30:02,$ 3453.94,2
1137,09:30:02,$ 3453.94,3
1138,09:30:02,$ 3453.94,2
1139,09:30:02,$ 3453.94,1
1140,09:30:02,$ 3453.94,10
1141,09:30:02,$ 3453.94,2
1142,09:30:02,$ 3453.94,2
1143,09:30:02,$ 3453.94,4
1144,09:30:02,$ 3453.94,15
1145,09:30:02,$ 3453.94,1
1146,09:30:02,$ 3453.94,1
1147,09:30:02,$ 3453.94,2
1148,09:30:02,$ 3453.94,1
1149,09:30:02,$ 3453.94,4
1150,09:30:02,$ 3453.94,1
1151,09:30:02,$ 3453.94,9
1152,09:30:02,$ 3453.94,4
1153,09:30:02,$ 3453.94,35
1154,09:30:02,$ 3453.94,12
1156,09:30:02,$ 3453.94,2
1157,09:30:02,$ 3453.94,9
1158,09:30:02,$ 3453.94,11
1159,09:30:02,$ 3453.94,7
1160,09:30:02,$ 3453.94,2
1161,09:30:02,$ 3453.94,1
1162,09:30:02,$ 3453.94,2
1163,09:30:02,$ 3453.94,2
1164,09:30:02,$ 3453.94,1
1165,09:30:02,$ 3453.94,1
1166,09:30:02,$ 3453.94,2
1167,09:30:02,$ 3453.94,1
1168,09:30:02,$ 3453.94,1
1169,09:30:02,$ 3453.94,6
1170,09:30:02,$ 3453.94,5
1171,09:30:02,$ 3453.94,1
1172,09:30:02,$ 3453.94,2
1173,09:30:02,$ 3453.94,10
1174,09:30:02,$ 3453.94,2
1175,09:30:02,$ 3453.94,2
1177,09:30:02,$ 3453.94,3
1178,09:30:02,$ 3453.94,4
1179,09:30:02,$ 3453.94,1
1180,09:30:02,$ 3453.94,1
1181,09:30:02,$ 3453.94,5
1182,09:30:02,$ 3453.94,2
1183,09:30:02,$ 3453.94,2
1184,09:30:02,$ 3453.94,10
1185,09:30:02,$ 3453.94,2
1186,09:30:02,$ 3453.94,2
1187,09:30:02,$ 3453.94,1
1188,09:30:02,$ 3453.94,3
1189,09:30:02,$ 3453.94,9
1190,09:30:02,$ 3453.94,4
1191,09:30:02,$ 3453.94,4
1192,09:30:02,$ 3453.94,20
1193,09:30:02,$ 3453.94,1
1194,09:30:02,$ 3453.94,1
1195,09:30:02,$ 3453.94,2
1196,09:30:02,$ 3453.94,5
1198,09:30:02,$ 3453.94,1
1199,09:30:02,$ 3453.94,1
1200,09:30:02,$ 3453.94,1
1201,09:30:02,$ 3453.94,1
1202,09:30:02,$ 3453.94,1
1203,09:30:02,$ 3453.94,1
1204,09:30:02,$ 3453.94,1
1205,09:30:02,$ 3453.94,1
1206,09:30:02,$ 3453.94,1
1207,09:30:02,$ 3453.94,1
1208,09:30:02,$ 3453.94,1
1209,09:30:02,$ 3453.94,1
1210,09:30:02,$ 3453.94,1
1211,09:30:02,$ 3453.94,1
1212,09:30:02,$ 3453.94,1
1213,09:30:02,$ 3453.94,1
1214,09:30:02,$ 3453.94,1
1215,09:30:02,$ 3453.94,1
1216,09:30:02,$ 3453.94,1
1217,09:30:02,$ 3453.94,1
1219,09:30:02,$ 3453.94,1
1220,09:30:02,$ 3453.94,1
1221,09:30:02,$ 3453.94,1
1222,09:30:02,$ 3453.94,1
1223,09:30:02,$ 3453.94,1
1224,09:30:02,$ 3453.94,1
1225,09:30:02,$ 3453.94,1
1226,09:30:02,$ 3453.94,1
1227,09:30:02,$ 3453.94,1
1228,09:30:02,$ 3453.94,1
1229,09:30:02,$ 3453.94,1
1230,09:30:02,$ 3453.94,1
1231,09:30:02,$ 3453.94,1
1232,09:30:02,$ 3453.94,1
1233,09:30:02,$ 3453.94,1
1234,09:30:02,$ 3453.94,1
1235,09:30:02,$ 3453.94,1
1236,09:30:02,$ 3453.94,1
1237,09:30:02,$ 3453.94,1
1238,09:30:02,$ 3453.94,1
1240,09:30:02,$ 3453.94,1
1241,09:30:02,$ 3453.94,1
1242,09:30:02,$ 3453.94,1
1243,09:30:02,$ 3453.94,1
1244,09:30:02,$ 3453.94,1
1245,09:30:02,$ 3453.94,1
1246,09:30:02,$ 3453.94,1
1247,09:30:02,$ 3453.94,10
1248,09:30:02,$ 3453.94,70
1249,09:30:02,$ 3453.94,6
1250,09:30:02,$ 3453.94,1
1251,09:30:02,$ 3453.94,2
1252,09:30:02,$ 3453.94,7
1253,09:30:02,$ 3453.94,7
1254,09:30:02,$ 3453.94,8
1255,09:30:02,$ 3453.94,10
1256,09:30:02,$ 3453.94,3
1257,09:30:02,$ 3453.94,13
1258,09:30:02,$ 3453.94,38
1259,09:30:02,$ 3453.94,3
1261,09:30:02,$ 3453.94,1
1262,09:30:02,$ 3453.94,1
1263,09:30:02,$ 3453.94,22
1264,09:30:02,$ 3453.94,1
1265,09:30:02,$ 3453.94,2
1266,09:30:02,$ 3453.94,4
1267,09:30:02,$ 3453.94,2
1268,09:30:02,$ 3453.94,4
1269,09:30:02,$ 3453.94,3
1270,09:30:02,$ 3453.94,1
1271,09:30:02,$ 3453.94,3
1272,09:30:02,$ 3453.94,17
1273,09:30:02,$ 3453.94,1
1274,09:30:02,$ 3453.94,1
1275,09:30:02,$ 3453.94,1
1276,09:30:02,$ 3453.94,7
1277,09:30:02,$ 3453.94,3
1278,09:30:02,$ 3453.94,1
1279,09:30:02,$ 3453.94,1
1280,09:30:02,$ 3453.94,2
1282,09:30:02,$ 3453.94,5
1283,09:30:02,$ 3453.94,1
1284,09:30:02,$ 3453.94,1
1285,09:30:02,$ 3453.94,3
1286,09:30:02,$ 3453.94,1
1287,09:30:02,$ 3453.94,1
1288,09:30:02,$ 3453.94,8
1289,09:30:02,$ 3453.94,4
1290,09:30:02,$ 3453.94,20
1291,09:30:02,$ 3453.94,2
1292,09:30:02,$ 3453.94,2
1293,09:30:02,$ 3453.94,3
1294,09:30:02,$ 3453.94,1
1295,09:30:02,$ 3453.94,3
1296,09:30:02,$ 3453.94,1
1297,09:30:02,$ 3453.94,2
1298,09:30:02,$ 3453.94,1
1299,09:30:02,$ 3453.94,1
1300,09:30:02,$ 3453.94,2
1301,09:30:02,$ 3453.94,10
1303,09:30:02,$ 3453.94,1
1304,09:30:02,$ 3453.94,1
1305,09:30:02,$ 3453.94,1
1306,09:30:02,$ 3453.94,2
1307,09:30:02,$ 3453.94,1
1308,09:30:02,$ 3453.94,1
1309,09:30:02,$ 3453.94,1
1310,09:30:02,$ 3453.94,1
1311,09:30:02,$ 3453.94,1
1312,09:30:02,$ 3453.94,1
1313,09:30:02,$ 3453.94,1
1314,09:30:02,$ 3453.94,1
1315,09:30:02,$ 3453.94,1
1316,09:30:02,$ 3453.94,1
1317,09:30:02,$ 3453.94,1
1318,09:30:02,$ 3453.94,1
1319,09:30:02,$ 3453.94,43
1320,09:30:02,$ 3453.94,1
1321,09:30:02,$ 3453.94,1
1322,09:30:02,$ 3453.94,1
1324,09:30:02,$ 3453.94,1
1325,09:30:02,$ 3453.94,1
1326,09:30:02,$ 3453.94,1
1327,09:30:02,$ 3453.94,1
1328,09:30:02,$ 3453.94,1
1329,09:30:02,$ 3453.94,1
1330,09:30:02,$ 3453.94,1
1331,09:30:02,$ 3453.94,1
1332,09:30:02,$ 3453.94,1
1333,09:30:02,$ 3453.94,1
1334,09:30:02,$ 3453.94,1
1335,09:30:02,$ 3453.94,1
1336,09:30:02,$ 3453.94,1
1337,09:30:02,$ 3453.94,1
1338,09:30:02,$ 3453.94,1
1339,09:30:02,$ 3453.94,1
1340,09:30:02,$ 3453.94,1
1341,09:30:02,$ 3453.94,1
1342,09:30:02,$ 3453.94,1
1343,09:30:02,$ 3453.94,1
1345,09:30:02,$ 3453.94,1
1346,09:30:02,$ 3453.94,1
1347,09:30:02,$ 3453.94,1
1348,09:30:02,$ 3453.94,1
1349,09:30:02,$ 3453.94,1
1350,09:30:02,$ 3453.94,1
1351,09:30:02,$ 3453.94,1
1352,09:30:02,$ 3453.94,1
1353,09:30:02,$ 3453.94,1
1354,09:30:02,$ 3453.94,1
1355,09:30:02,$ 3453.94,1
1356,09:30:02,$ 3453.94,1
1357,09:30:02,$ 3453.94,1
1358,09:30:02,$ 3453.94,1
1359,09:30:02,$ 3453.94,1
1360,09:30:02,$ 3453.94,1
1361,09:30:02,$ 3453.94,1
1362,09:30:02,$ 3453.94,1
1363,09:30:02,$ 3453.94,1
1364,09:30:02,$ 3453.94,1
1366,09:30:02,$ 3453.94,1
1367,09:30:02,$ 3453.94,1
1368,09:30:02,$ 3453.94,1
1369,09:30:02,$ 3453.94,1
1370,09:30:02,$ 3453.94,1
1371,09:30:02,$ 3453.94,1
1372,09:30:02,$ 3453.94,10
1373,09:30:02,$ 3453.94,1
1374,09:30:02,$ 3453.94,15
1375,09:30:02,$ 3453.94,4
1376,09:30:02,$ 3453.94,1
1377,09:30:02,$ 3453.94,1
1378,09:30:02,$ 3453.94,1
1379,09:30:02,$ 3453.94,1
1380,09:30:02,$ 3453.94,1
1381,09:30:02,$ 3453.94,1
1382,09:30:02,$ 3453.94,1
1383,09:30:02,$ 3453.94,1
1384,09:30:02,$ 3453.94,1
1385,09:30:02,$ 3453.94,3
1387,09:30:02,$ 3453.94,1
1388,09:30:02,$ 3453.94,5
1389,09:30:02,$ 3453.94,2
1390,09:30:02,$ 3453.94,1
1391,09:30:02,$ 3453.94,1
1392,09:30:02,$ 3453.94,1
1393,09:30:02,$ 3453.94,1
1394,09:30:02,$ 3453.94,1
1395,09:30:02,$ 3453.94,1
1396,09:30:02,$ 3453.94,38
1397,09:30:02,$ 3453.94,2
1398,09:30:02,$ 3453.94,45
1399,09:30:02,$ 3453.94,15
1400,09:30:02,$ 3453.94,1
1401,09:30:02,$ 3453.94,3
1402,09:30:02,$ 3453.94,1
1403,09:30:02,$ 3453.94,4
1404,09:30:02,$ 3453.94,50
1405,09:30:02,$ 3453.94,112
1406,09:30:02,$ 3453.94,1
1408,09:30:02,$ 3453.94,2
1409,09:30:02,$ 3453.94,5
1410,09:30:02,$ 3453.94,1
1411,09:30:02,$ 3453.94,1
1412,09:30:02,$ 3453.94,3
1413,09:30:02,$ 3453.94,1
1414,09:30:02,$ 3453.94,1
1415,09:30:02,$ 3453.94,5
1416,09:30:02,$ 3453.94,51
1417,09:30:02,$ 3453.94,6
1418,09:30:02,$ 3453.94,15
1419,09:30:02,$ 3453.94,2
1420,09:30:02,$ 3453.94,5
1421,09:30:02,$ 3453.94,1
1422,09:30:02,$ 3453.94,1
1423,09:30:02,$ 3453.94,5
1424,09:30:02,$ 3453.94,5
1425,09:30:02,$ 3453.94,4
1426,09:30:02,$ 3453.94,1
1427,09:30:02,$ 3453.94,1
1429,09:30:02,$ 3453.94,6
1430,09:30:02,$ 3453.94,10
1431,09:30:02,$ 3453.94,1
1432,09:30:02,$ 3453.94,1
1433,09:30:02,$ 3453.94,1
1434,09:30:02,$ 3453.94,3
1435,09:30:02,$ 3453.94,3
1436,09:30:02,$ 3453.94,10
1437,09:30:02,$ 3453.94,1
1438,09:30:02,$ 3453.94,1
1439,09:30:02,$ 3453.94,3
1440,09:30:02,$ 3453.94,1
1441,09:30:02,$ 3453.94,10
1442,09:30:02,$ 3453.94,10
1443,09:30:02,$ 3453.94,5
1444,09:30:02,$ 3453.94,2
1445,09:30:02,$ 3453.94,1
1446,09:30:02,$ 3453.94,15
1447,09:30:02,$ 3453.94,2
1448,09:30:02,$ 3453.94,2
1450,09:30:02,$ 3453.94,20
1451,09:30:02,$ 3453.94,1
1452,09:30:02,$ 3453.94,3
1453,09:30:02,$ 3453.94,8
1454,09:30:02,$ 3453.94,2
1455,09:30:02,$ 3453.94,1
1456,09:30:02,$ 3453.94,1
1457,09:30:02,$ 3453.94,2
1458,09:30:02,$ 3453.94,2
1459,09:30:02,$ 3453.94,1
1460,09:30:02,$ 3453.94,1
1461,09:30:02,$ 3453.94,1
1462,09:30:02,$ 3453.94,1
1463,09:30:02,$ 3453.94,1
1464,09:30:02,$ 3453.94,5
1465,09:30:02,$ 3453.94,1
1466,09:30:02,$ 3453.94,2
1467,09:30:02,$ 3453.94,1
1468,09:30:02,$ 3453.94,1
1469,09:30:02,$ 3453.94,1
1471,09:30:02,$ 3453.94,14
1472,09:30:02,$ 3453.94,1
1473,09:30:02,$ 3453.94,10
1474,09:30:02,$ 3453.94,1
1475,09:30:02,$ 3453.94,1
1476,09:30:02,$ 3453.94,4
1477,09:30:02,$ 3453.94,13
1478,09:30:02,$ 3453.94,1
1479,09:30:02,$ 3453.94,10
1480,09:30:02,$ 3453.94,1
1481,09:30:02,$ 3453.94,1
1482,09:30:02,$ 3453.94,1
1483,09:30:02,$ 3453.94,1
1484,09:30:02,$ 3453.94,1
1485,09:30:02,$ 3453.94,1
1486,09:30:02,$ 3453.94,1
1487,09:30:02,$ 3453.94,2
1488,09:30:02,$ 3453.94,1
1489,09:30:02,$ 3453.94,6
1490,09:30:02,$ 3453.94,1
1492,09:30:02,$ 3453.94,10
1493,09:30:02,$ 3453.94,15
1494,09:30:02,$ 3453.94,5
1495,09:30:02,$ 3453.94,15
1496,09:30:02,$ 3453.94,2
1497,09:30:02,$ 3453.94,57
1498,09:30:02,$ 3453.94,4
1499,09:30:02,$ 3453.94,1
1500,09:30:02,$ 3453.94,8
1501,09:30:02,$ 3453.94,4
1502,09:30:02,$ 3453.94,10
1503,09:30:02,$ 3453.94,138
1504,09:30:02,$ 3453.94,1
1505,09:30:02,$ 3453.94,118
1506,09:30:02,$ 3453.94,10
1507,09:30:02,$ 3453.94,5
1508,09:30:02,$ 3453.94,9
1509,09:30:02,$ 3453.94,8
1510,09:30:02,$ 3453.94,8
1511,09:30:02,$ 3453.94,19
1513,09:30:02,$ 3453.94,3
1514,09:30:02,$ 3453.94,10
1515,09:30:02,$ 3453.94,10
1516,09:30:02,$ 3453.94,9
1517,09:30:02,$ 3453.94,8
1518,09:30:02,$ 3453.94,12
1519,09:30:02,$ 3453.94,2
1520,09:30:02,$ 3453.94,6
1521,09:30:02,$ 3453.94,2
1522,09:30:02,$ 3453.94,1
1523,09:30:02,$ 3453.94,17
1524,09:30:02,$ 3453.94,2
1525,09:30:02,$ 3453.94,2
1526,09:30:02,$ 3453.94,1
1527,09:30:02,$ 3453.94,5
1528,09:30:02,$ 3453.94,9
1529,09:30:02,$ 3453.94,200
1530,09:30:02,$ 3453.94,12
1531,09:30:02,$ 3453.94,3
1532,09:30:02,$ 3453.94,3
1534,09:30:02,$ 3453.94,6
1535,09:30:02,$ 3453.94,1
1536,09:30:02,$ 3453.94,1
1537,09:30:02,$ 3453.94,4
1538,09:30:02,$ 3453.94,1
1539,09:30:02,$ 3453.94,2
1540,09:30:02,$ 3453.94,518
1541,09:30:02,$ 3453.94,518
1542,09:30:02,$ 3453.94,1
1543,09:30:02,$ 3453.94,32
1544,09:30:02,$ 3453.94,5
1545,09:30:02,$ 3453.94,5
1546,09:30:02,$ 3453.94,6
1547,09:30:02,$ 3453.94,1
1548,09:30:02,$ 3453.94,3
1549,09:30:02,$ 3453.94,1
1550,09:30:02,$ 3453.94,3
1551,09:30:02,$ 3453.94,38
1552,09:30:02,$ 3453.94,9
1553,09:30:02,$ 3453.94,1
1555,09:30:02,$ 3453.94,1
1556,09:30:02,$ 3453.94,4
1557,09:30:02,$ 3453.94,1
1558,09:30:02,$ 3453.94,5
1559,09:30:02,$ 3453.94,1
1560,09:30:02,$ 3453.94,1
1561,09:30:02,$ 3453.94,1
1562,09:30:02,$ 3453.94,10
1563,09:30:02,$ 3453.94,8
1564,09:30:02,$ 3453.94,1
1565,09:30:02,$ 3453.94,3
1566,09:30:02,$ 3453.94,1
1567,09:30:02,$ 3453.94,2
1568,09:30:02,$ 3453.94,2
1569,09:30:02,$ 3453.94,4
1570,09:30:02,$ 3453.94,2
1571,09:30:02,$ 3453.94,12
1572,09:30:02,$ 3453.94,2
1573,09:30:02,$ 3453.94,3
1574,09:30:02,$ 3453.94,21
1576,09:30:02,$ 3453.94,6
1577,09:30:02,$ 3453.94,2
1578,09:30:02,$ 3453.94,2
1579,09:30:02,$ 3453.94,1
1580,09:30:02,$ 3453.94,21
1581,09:30:02,$ 3453.94,10
1582,09:30:02,$ 3453.94,2
1583,09:30:02,$ 3453.94,1
1584,09:30:02,$ 3453.94,1
1585,09:30:02,$ 3453.94,4
1586,09:30:02,$ 3453.94,2
1587,09:30:02,$ 3453.94,1
1588,09:30:02,$ 3453.94,1
1589,09:30:02,$ 3453.94,1
1590,09:30:02,$ 3453.94,3
1591,09:30:02,$ 3453.94,3
1592,09:30:02,$ 3453.94,1
1593,09:30:02,$ 3453.94,2
1594,09:30:02,$ 3453.94,1
1595,09:30:02,$ 3453.94,30
1597,09:30:02,$ 3453.94,2
1598,09:30:02,$ 3453.94,2
1599,09:30:02,$ 3453.94,27
1600,09:30:02,$ 3453.94,7
1601,09:30:02,$ 3453.94,4
1602,09:30:02,$ 3453.94,3
1603,09:30:02,$ 3453.94,120
1604,09:30:02,$ 3453.94,1
1605,09:30:02,$ 3453.94,2
1606,09:30:02,$ 3453.94,10
1607,09:30:02,$ 3453.94,5
1608,09:30:02,$ 3453.94,11
1609,09:30:02,$ 3453.94,4
1610,09:30:02,$ 3453.94,97
1611,09:30:02,$ 3453.94,4
1612,09:30:02,$ 3453.94,40
1613,09:30:02,$ 3453.94,25
1614,09:30:02,$ 3453.94,4
1615,09:30:02,$ 3453.94,15
1616,09:30:02,$ 3453.94,1
1618,09:30:02,$ 3453.94,57
1619,09:30:02,$ 3453.94,2
1620,09:30:02,$ 3453.94,1
1621,09:30:02,$ 3453.94,18
1622,09:30:02,$ 3453.94,28
1623,09:30:02,$ 3453.94,9
1624,09:30:02,$ 3453.94,1
1625,09:30:02,$ 3453.94,1
1626,09:30:02,$ 3453.94,1
1627,09:30:02,$ 3453.94,2
1628,09:30:02,$ 3453.94,2
1629,09:30:02,$ 3453.94,3
1630,09:30:02,$ 3453.94,30
1631,09:30:02,$ 3453.94,12
1632,09:30:02,$ 3453.94,7
1633,09:30:02,$ 3453.94,3
1634,09:30:02,$ 3453.94,2
1635,09:30:02,$ 3453.94,1
1636,09:30:02,$ 3453.94,10
1637,09:30:02,$ 3453.94,15
1639,09:30:02,$ 3453.94,30
1640,09:30:02,$ 3453.94,8
1641,09:30:02,$ 3453.94,1
1642,09:30:02,$ 3453.94,1
1643,09:30:02,$ 3453.94,9
1644,09:30:02,$ 3453.94,29
1645,09:30:02,$ 3453.94,1
1646,09:30:02,$ 3453.94,1
1647,09:30:02,$ 3453.94,3
1648,09:30:02,$ 3453.94,2
1649,09:30:02,$ 3453.94,1
1650,09:30:02,$ 3453.94,25
1651,09:30:02,$ 3453.94,4
1652,09:30:02,$ 3453.94,1
1653,09:30:02,$ 3453.94,1
1654,09:30:02,$ 3453.94,18
1655,09:30:02,$ 3453.94,6
1656,09:30:02,$ 3453.94,1
1657,09:30:02,$ 3453.94,1
1658,09:30:02,$ 3453.94,10
1660,09:30:02,$ 3453.94,1
1661,09:30:02,$ 3453.94,4
1662,09:30:02,$ 3453.94,1
1663,09:30:02,$ 3453.94,1
1664,09:30:02,$ 3453.94,1
1665,09:30:02,$ 3453.94,5
1666,09:30:02,$ 3453.94,1
1667,09:30:02,$ 3453.94,3
1668,09:30:02,$ 3453.94,1
1669,09:30:02,$ 3453.94,5
1670,09:30:02,$ 3453.94,1
1671,09:30:02,$ 3453.94,7
1672,09:30:02,$ 3453.94,1
1673,09:30:02,$ 3453.94,1
1674,09:30:02,$ 3453.94,1
1675,09:30:02,$ 3453.94,8
1676,09:30:02,$ 3453.94,1
1677,09:30:02,$ 3453.94,2
1678,09:30:02,$ 3453.94,1
1679,09:30:02,$ 3453.94,9
1681,09:30:02,$ 3453.94,3
1682,09:30:02,$ 3453.94,5
1683,09:30:02,$ 3453.94,26
1684,09:30:02,$ 3453.94,1
1685,09:30:02,$ 3453.94,3
1686,09:30:02,$ 3453.94,3
1687,09:30:02,$ 3453.94,2
1688,09:30:02,$ 3453.94,1
1689,09:30:02,$ 3453.94,30
1690,09:30:02,$ 3453.94,1
1691,09:30:02,$ 3453.94,8
1692,09:30:02,$ 3453.94,3
1693,09:30:02,$ 3453.94,57
1694,09:30:02,$ 3453.94,1
1695,09:30:02,$ 3453.94,13
1696,09:30:02,$ 3453.94,1
1697,09:30:02,$ 3453.94,10
1698,09:30:02,$ 3453.94,50
1699,09:30:02,$ 3453.94,1
1700,09:30:02,$ 3453.94,2
1702,09:30:02,$ 3453.94,1
1703,09:30:02,$ 3453.94,3
1704,09:30:02,$ 3453.94,2
1705,09:30:02,$ 3453.94,3
1706,09:30:02,$ 3453.94,1
1707,09:30:02,$ 3453.94,12
1708,09:30:02,$ 3453.94,20
1709,09:30:02,$ 3453.94,1
1710,09:30:02,$ 3453.94,1
1711,09:30:02,$ 3453.94,1
1712,09:30:02,$ 3453.94,6
1713,09:30:02,$ 3453.94,3
1714,09:30:02,$ 3453.94,5
1715,09:30:02,$ 3453.94,1
1716,09:30:02,$ 3453.94,2
1717,09:30:02,$ 3453.94,10
1718,09:30:02,$ 3453.94,2
1719,09:30:02,$ 3453.94,3
1720,09:30:02,$ 3453.94,1
1721,09:30:02,$ 3453.94,3
1723,09:30:02,$ 3453.94,6
1724,09:30:02,$ 3453.94,3
1725,09:30:02,$ 3453.94,4
1726,09:30:02,$ 3453.94,3
1727,09:30:02,$ 3453.94,6
1728,09:30:02,$ 3453.94,1
1729,09:30:02,$ 3453.94,1
1730,09:30:02,$ 3453.94,20
1731,09:30:02,$ 3453.94,1
1732,09:30:02,$ 3453.94,170
1733,09:30:02,$ 3453.94,2
1734,09:30:02,$ 3453.94,3
1735,09:30:02,$ 3453.94,1
1736,09:30:02,$ 3453.94,2
1737,09:30:02,$ 3453.94,30
1738,09:30:02,$ 3453.94,7
1739,09:30:02,$ 3453.94,16
1740,09:30:02,$ 3453.94,20
1741,09:30:02,$ 3453.94,1
1742,09:30:02,$ 3453.94,1
1744,09:30:02,$ 3453.94,10
1745,09:30:02,$ 3453.94,2
1746,09:30:02,$ 3453.94,2
1747,09:30:02,$ 3453.94,5
1748,09:30:02,$ 3453.94,20
1749,09:30:02,$ 3453.94,2
1750,09:30:02,$ 3453.94,23
1751,09:30:02,$ 3453.94,1
1752,09:30:02,$ 3453.94,6
1753,09:30:02,$ 3453.94,5
1754,09:30:02,$ 3453.94,7
1755,09:30:02,$ 3453.94,7
1756,09:30:02,$ 3453.94,1
1757,09:30:02,$ 3453.94,3
1758,09:30:02,$ 3453.94,1
1759,09:30:02,$ 3453.94,7
1760,09:30:02,$ 3453.94,25
1761,09:30:02,$ 3453.94,145
1762,09:30:02,$ 3453.94,4
1763,09:30:02,$ 3453.94,1
1765,09:30:02,$ 3453.94,1
1766,09:30:02,$ 3453.94,15
1767,09:30:02,$ 3453.94,44
1768,09:30:02,$ 3453.94,82
1769,09:30:02,$ 3453.94,4
1770,09:30:02,$ 3453.94,17
1771,09:30:02,$ 3453.94,1
1772,09:30:02,$ 3453.94,1
1773,09:30:02,$ 3453.94,1
1774,09:30:02,$ 3453.94,1
1775,09:30:02,$ 3453.94,1
1776,09:30:02,$ 3453.94,1
1777,09:30:02,$ 3453.94,1
1778,09:30:02,$ 3453.94,1
1779,09:30:02,$ 3453.94,1
1780,09:30:02,$ 3453.94,1
1781,09:30:02,$ 3453.94,1
1782,09:30:02,$ 3453.94,1
1783,09:30:02,$ 3453.94,1
1784,09:30:02,$ 3453.94,1
1786,09:30:02,$ 3453.94,1
1787,09:30:02,$ 3453.94,1
1788,09:30:02,$ 3453.94,1
1789,09:30:02,$ 3453.94,1
1790,09:30:02,$ 3453.94,1
1791,09:30:02,$ 3453.94,1
1792,09:30:02,$ 3453.94,1
1793,09:30:02,$ 3453.94,1
1794,09:30:02,$ 3453.94,1
1795,09:30:02,$ 3453.94,1
1796,09:30:02,$ 3453.94,1
1797,09:30:02,$ 3453.94,1
1798,09:30:02,$ 3453.94,1
1799,09:30:02,$ 3453.94,1
1800,09:30:02,$ 3453.94,1
1801,09:30:02,$ 3453.94,1
1802,09:30:02,$ 3453.94,1
1803,09:30:02,$ 3453.94,1
1804,09:30:02,$ 3453.94,1
1805,09:30:02,$ 3453.94,1
1807,09:30:02,$ 3453.94,1
1808,09:30:02,$ 3453.94,1
1809,09:30:02,$ 3453.94,1
1810,09:30:02,$ 3453.94,1
1811,09:30:02,$ 3453.94,1
1812,09:30:02,$ 3453.94,1
1813,09:30:02,$ 3453.94,2
1814,09:30:02,$ 3453.94,2
1815,09:30:02,$ 3453.94,2
1816,09:30:02,$ 3453.94,3
1817,09:30:02,$ 3453.94,1
1818,09:30:02,$ 3453.94,1
1819,09:30:02,$ 3453.94,1
1820,09:30:02,$ 3453.94,2
1821,09:30:02,$ 3453.94,1
1822,09:30:02,$ 3453.94,1
1823,09:30:02,$ 3453.94,2
1824,09:30:02,$ 3453.94,2
1825,09:30:02,$ 3453.94,1
1826,09:30:02,$ 3453.94,1
1828,09:30:02,$ 3453.94,2
1829,09:30:02,$ 3453.94,3
1830,09:30:02,$ 3453.94,7
1831,09:30:02,$ 3453.94,1
1832,09:30:02,$ 3453.94,1
1833,09:30:02,$ 3453.94,2
1834,09:30:02,$ 3453.94,6
1835,09:30:02,$ 3453.94,1
1836,09:30:02,$ 3453.94,1
1837,09:30:02,$ 3453.94,1
1838,09:30:02,$ 3453.94,2
1839,09:30:02,$ 3453.94,1
1840,09:30:02,$ 3453.94,1
1841,09:30:02,$ 3453.94,1
1842,09:30:02,$ 3453.94,1
1843,09:30:02,$ 3453.94,1
1844,09:30:02,$ 3453.94,2
1845,09:30:02,$ 3453.94,1
1846,09:30:02,$ 3453.94,1
1847,09:30:02,$ 3453.94,1
1849,09:30:02,$ 3453.94,1
1850,09:30:02,$ 3453.94,2
1851,09:30:02,$ 3453.94,4
1852,09:30:02,$ 3453.94,1
1853,09:30:02,$ 3453.94,7
1854,09:30:02,$ 3453.94,10
1855,09:30:02,$ 3453.94,6
1856,09:30:02,$ 3453.94,1
1857,09:30:02,$ 3453.94,1
1858,09:30:02,$ 3453.94,100
1859,09:30:02,$ 3453.94,6
1860,09:30:02,$ 3453.94,200
1861,09:30:02,$ 3453.94,1
1862,09:30:02,$ 3453.94,2
1863,09:30:02,$ 3453.94,9
1864,09:30:02,$ 3453.94,8
1865,09:30:02,$ 3453.94,1
1866,09:30:02,$ 3453.94,1
1867,09:30:02,$ 3453.94,3
1868,09:30:02,$ 3453.94,1
1870,09:30:02,$ 3453.94,2
1871,09:30:02,$ 3453.94,1
1872,09:30:02,$ 3453.94,3
1873,09:30:02,$ 3453.94,1
1874,09:30:02,$ 3453.94,2
1875,09:30:02,$ 3453.94,1
1876,09:30:02,$ 3453.94,1
1877,09:30:02,$ 3453.94,2
1878,09:30:02,$ 3453.94,3
1879,09:30:02,$ 3453.94,1
1880,09:30:02,$ 3453.94,3
1881,09:30:02,$ 3453.94,2
1882,09:30:02,$ 3453.94,3
1883,09:30:02,$ 3453.94,1
1884,09:30:02,$ 3453.94,2
1885,09:30:02,$ 3453.94,2
1886,09:30:02,$ 3453.94,4
1887,09:30:02,$ 3453.94,1
1888,09:30:02,$ 3453.94,180
1889,09:30:02,$ 3453.94,1
1891,09:30:02,$ 3453.94,1
1892,09:30:02,$ 3453.94,5
1893,09:30:02,$ 3453.94,1
1894,09:30:02,$ 3453.94,18
1895,09:30:02,$ 3453.94,1
1896,09:30:02,$ 3453.94,2
1897,09:30:02,$ 3453.94,1
1898,09:30:02,$ 3453.94,1
1899,09:30:02,$ 3453.94,6
1900,09:30:02,$ 3453.94,2
1901,09:30:02,$ 3453.94,1
1902,09:30:02,$ 3453.94,2
1903,09:30:02,$ 3453.94,1
1904,09:30:02,$ 3453.94,2
1905,09:30:02,$ 3453.94,3
1906,09:30:02,$ 3453.94,1
1907,09:30:02,$ 3453.94,1
1908,09:30:02,$ 3453.94,2
1909,09:30:02,$ 3453.94,3
1910,09:30:02,$ 3453.94,1
1912,09:30:02,$ 3453.94,2
1913,09:30:02,$ 3453.94,3
1914,09:30:02,$ 3453.94,200
1915,09:30:02,$ 3453.94,100
1916,09:30:02,$ 3453.94,7
1917,09:30:02,$ 3453.94,95
1918,09:30:02,$ 3453.94,100
1919,09:30:02,$ 3453.94,23
1920,09:30:02,$ 3453.94,22
1921,09:30:02,$ 3453.94,1
1922,09:30:02,$ 3453.94,100
1923,09:30:02,$ 3453.94,100
1924,09:30:02,$ 3453.94,1
1925,09:30:02,$ 3453.94,10
1926,09:30:02,$ 3453.94,23
1927,09:30:02,$ 3453.94,19
1928,09:30:02,$ 3453.94,900
1929,09:30:02,$ 3453.94,11
1930,09:30:02,$ 3453.94,1
1931,09:30:02,$ 3453.94,772
1933,09:30:02,$ 3453.94,2
1934,09:30:02,$ 3453.94,15
1935,09:30:02,$ 3453.94,53
1936,09:30:02,$ 3453.94,59
1937,09:30:02,$ 3453.94,4
1938,09:30:02,$ 3453.94,33
1939,09:30:02,$ 3453.94,10
1940,09:30:02,$ 3453.94,3
1941,09:30:02,$ 3453.94,3
1942,09:30:02,$ 3453.94,15
1943,09:30:02,$ 3453.94,67
1944,09:30:02,$ 3453.94,8
1945,09:30:02,$ 3453.94,1
1946,09:30:02,$ 3453.94,2
1947,09:30:02,$ 3453.94,37
1948,09:30:02,$ 3453.94,66
1949,09:30:02,$ 3453.94,27
1950,09:30:02,$ 3453.94,17
1951,09:30:02,$ 3453.94,200
1952,09:30:02,$ 3453.94,13
1954,09:30:02,$ 3453.94,30
1955,09:30:02,$ 3453.94,23
1956,09:30:02,$ 3453.94,29
1957,09:30:02,$ 3453.94,80
1958,09:30:02,$ 3453.94,10
1959,09:30:02,$ 3453.94,3
1960,09:30:02,$ 3453.94,1
1961,09:30:02,$ 3453.94,1
1962,09:30:02,$ 3453.94,1
1963,09:30:02,$ 3453.94,2
1964,09:30:02,$ 3453.94,1
1965,09:30:02,$ 3453.94,3
1966,09:30:02,$ 3453.94,173
1967,09:30:02,$ 3453.94,249
1968,09:30:02,$ 3453.94,2
1969,09:30:02,$ 3453.94,1
1970,09:30:02,$ 3453.94,1
1971,09:30:02,$ 3453.94,57
1972,09:30:02,$ 3453.94,4
1973,09:30:02,$ 3453.94,10
1975,09:30:02,$ 3453.94,7
1976,09:30:02,$ 3453.94,2
1977,09:30:02,$ 3453.94,63
1978,09:30:02,$ 3453.94,3
1979,09:30:02,$ 3453.94,2
1980,09:30:02,$ 3453.94,1
1981,09:30:02,$ 3453.94,15
1982,09:30:02,$ 3453.94,14
1983,09:30:02,$ 3453.94,150
1984,09:30:02,$ 3453.94,4
1985,09:30:02,$ 3453.94,5
1986,09:30:02,$ 3453.94,3
1987,09:30:02,$ 3453.94,4
1988,09:30:02,$ 3453.94,3
1989,09:30:02,$ 3453.94,12
1990,09:30:02,$ 3453.94,72
1991,09:30:02,$ 3453.94,3
1992,09:30:02,$ 3453.94,10
1993,09:30:02,$ 3453.94,8
1994,09:30:02,$ 3453.94,4
1996,09:30:02,$ 3453.94,5
1997,09:30:02,$ 3453.94,3
1998,09:30:02,$ 3453.94,20
1999,09:30:02,$ 3453.94,2
2000,09:30:02,$ 3453.94,4
2001,09:30:02,$ 3453.94,2
2002,09:30:02,$ 3453.94,100
2003,09:30:02,$ 3453.94,1
2004,09:30:02,$ 3453.94,1
2005,09:30:02,$ 3453.94,1
2006,09:30:02,$ 3453.94,1
2007,09:30:02,$ 3453.94,27
2008,09:30:02,$ 3453.94,10
2009,09:30:02,$ 3453.94,7
2010,09:30:02,$ 3453.94,5
2011,09:30:02,$ 3453.94,4
2012,09:30:02,$ 3453.94,2
2013,09:30:02,$ 3453.94,4
2014,09:30:02,$ 3453.94,6
2015,09:30:02,$ 3453.94,1
2017,09:30:02,$ 3453.94,1
2018,09:30:02,$ 3453.94,1
2019,09:30:02,$ 3453.94,2
2020,09:30:02,$ 3453.94,1
2021,09:30:02,$ 3453.94,1
2022,09:30:02,$ 3453.94,1
2023,09:30:02,$ 3453.94,140
2024,09:30:02,$ 3453.94,1
2025,09:30:02,$ 3453.94,10
2026,09:30:02,$ 3453.94,27
2027,09:30:02,$ 3453.94,24
2028,09:30:02,$ 3453.94,1
2029,09:30:02,$ 3453.94,5
2030,09:30:02,$ 3453.94,2
2031,09:30:02,$ 3453.94,64
2032,09:30:02,$ 3453.94,12
2033,09:30:02,$ 3453.94,5
2034,09:30:02,$ 3453.94,1
2035,09:30:02,$ 3453.94,2
2036,09:30:02,$ 3453.94,42
2038,09:30:02,$ 3453.94,9
2039,09:30:02,$ 3453.94,2
2040,09:30:02,$ 3453.94,2
2041,09:30:02,$ 3453.94,50
2042,09:30:02,$ 3453.94,3
2043,09:30:02,$ 3453.94,2
2044,09:30:02,$ 3453.94,40
2045,09:30:02,$ 3453.94,10
2046,09:30:02,$ 3453.94,1
2047,09:30:02,$ 3453.94,1
2048,09:30:02,$ 3453.94,2
2049,09:30:02,$ 3453.94,1
2050,09:30:02,$ 3453.94,1
2051,09:30:02,$ 3453.94,4
2052,09:30:02,$ 3453.94,2
2053,09:30:02,$ 3453.94,1
2054,09:30:02,$ 3453.94,9
2055,09:30:02,$ 3453.94,1
2056,09:30:02,$ 3453.94,1
2057,09:30:02,$ 3453.94,2
2059,09:30:02,$ 3453.94,1
2060,09:30:02,$ 3453.94,1
2061,09:30:02,$ 3453.94,60
2062,09:30:02,$ 3453.94,96
2063,09:30:02,$ 3453.94,2
2064,09:30:02,$ 3453.94,4
2065,09:30:02,$ 3453.94,1
2066,09:30:02,$ 3453.94,3
2067,09:30:02,$ 3453.94,3
2068,09:30:02,$ 3453.94,3
2069,09:30:02,$ 3453.94,6
2070,09:30:02,$ 3453.94,1
2071,09:30:02,$ 3453.94,4
2072,09:30:02,$ 3453.94,3
2073,09:30:02,$ 3453.94,3
2074,09:30:02,$ 3453.94,1
2075,09:30:02,$ 3453.94,5
2076,09:30:02,$ 3453.94,3
2077,09:30:02,$ 3453.94,1
2078,09:30:02,$ 3453.94,14
2080,09:30:02,$ 3453.94,1
2081,09:30:02,$ 3453.94,8
2082,09:30:02,$ 3453.94,1
2083,09:30:02,$ 3453.94,9
2084,09:30:02,$ 3453.94,"1,213"
2085,09:30:02,$ 3453.94,2
2086,09:30:02,$ 3453.94,1
2087,09:30:02,$ 3453.94,5
2088,09:30:02,$ 3453.94,20
2089,09:30:02,$ 3453.94,10
2090,09:30:02,$ 3453.94,1
2091,09:30:02,$ 3453.94,57
2092,09:30:02,$ 3453.94,14
2093,09:30:02,$ 3453.94,12
2094,09:30:02,$ 3453.94,5
2095,09:30:02,$ 3453.94,2
2096,09:30:02,$ 3453.94,2
2097,09:30:02,$ 3453.94,30
2098,09:30:02,$ 3453.94,2
2099,09:30:02,$ 3453.94,6
2101,09:30:02,$ 3453.94,10
2102,09:30:02,$ 3453.94,5
2103,09:30:02,$ 3453.94,8
2104,09:30:02,$ 3453.94,10
2105,09:30:02,$ 3453.94,5
2106,09:30:02,$ 3453.94,2
2107,09:30:02,$ 3453.94,5
2108,09:30:02,$ 3453.94,18
2109,09:30:02,$ 3453.94,10
2110,09:30:02,$ 3453.94,2
2111,09:30:02,$ 3453.94,9
2112,09:30:02,$ 3453.94,1
2113,09:30:02,$ 3453.94,9
2114,09:30:02,$ 3453.94,6
2115,09:30:02,$ 3453.94,10
2116,09:30:02,$ 3453.94,1
2117,09:30:02,$ 3453.94,1
2118,09:30:02,$ 3453.94,1
2119,09:30:02,$ 3453.94,3
2120,09:30:02,$ 3453.94,22
2122,09:30:02,$ 3453.94,1
2123,09:30:02,$ 3453.94,1
2124,09:30:02,$ 3453.94,7
2125,09:30:02,$ 3453.94,4
2126,09:30:02,$ 3453.94,21
2127,09:30:02,$ 3453.94,2
2128,09:30:02,$ 3453.94,1
2129,09:30:02,$ 3453.94,2
2130,09:30:02,$ 3453.94,1
2131,09:30:02,$ 3453.94,1
2132,09:30:02,$ 3453.94,1
2133,09:30:02,$ 3453.94,108
2134,09:30:02,$ 3453.94,3
2135,09:30:02,$ 3453.94,1
2136,09:30:02,$ 3453.94,2
2137,09:30:02,$ 3453.94,5
2138,09:30:02,$ 3453.94,1
2139,09:30:02,$ 3453.94,2
2140,09:30:02,$ 3453.94,1
2141,09:30:02,$ 3453.94,1
2143,09:30:02,$ 3453.94,1
2144,09:30:02,$ 3453.94,31
2145,09:30:02,$ 3453.94,1
2146,09:30:02,$ 3453.94,4
2147,09:30:02,$ 3453.94,57
2148,09:30:02,$ 3453.94,1
2149,09:30:02,$ 3453.94,1
2150,09:30:02,$ 3453.94,2
2151,09:30:02,$ 3453.94,1
2152,09:30:02,$ 3453.94,1
2153,09:30:02,$ 3453.94,1
2154,09:30:02,$ 3453.94,5
2155,09:30:02,$ 3453.94,2
2156,09:30:02,$ 3453.94,2
2157,09:30:02,$ 3453.94,1
2158,09:30:02,$ 3453.94,5
2159,09:30:02,$ 3453.94,1
2160,09:30:02,$ 3453.94,5
2161,09:30:02,$ 3453.94,3
2162,09:30:02,$ 3453.94,5
2164,09:30:02,$ 3453.94,1
2165,09:30:02,$ 3453.94,1
2166,09:30:02,$ 3453.94,2
2167,09:30:02,$ 3453.94,232
2168,09:30:02,$ 3453.94,2
2169,09:30:02,$ 3453.94,25
2170,09:30:02,$ 3453.94,5
2171,09:30:02,$ 3453.94,16
2172,09:30:02,$ 3453.94,5
2173,09:30:02,$ 3453.94,1
2174,09:30:02,$ 3453.94,2
2175,09:30:02,$ 3453.94,1
2176,09:30:02,$ 3453.94,2
2177,09:30:02,$ 3453.94,17
2178,09:30:02,$ 3453.94,7
2179,09:30:02,$ 3453.94,5
2180,09:30:02,$ 3453.94,2
2181,09:30:02,$ 3453.94,148
2182,09:30:02,$ 3453.94,2
2183,09:30:02,$ 3453.94,10
2185,09:30:02,$ 3453.94,2
2186,09:30:02,$ 3453.94,3
2187,09:30:02,$ 3453.94,1
2188,09:30:02,$ 3453.94,1
2189,09:30:02,$ 3453.94,1
2190,09:30:02,$ 3453.94,2
2191,09:30:02,$ 3453.94,7
2192,09:30:02,$ 3453.94,1
2193,09:30:02,$ 3453.94,"2,000"
2194,09:30:02,$ 3453.94,1
2195,09:30:02,$ 3453.94,1
2196,09:30:02,$ 3453.94,2
2197,09:30:02,$ 3453.94,1
2198,09:30:02,$ 3453.94,1
2199,09:30:02,$ 3453.94,10
2200,09:30:02,$ 3453.94,1
2201,09:30:02,$ 3453.94,6
2202,09:30:02,$ 3453.94,1
2203,09:30:02,$ 3453.94,5
2204,09:30:02,$ 3453.94,1
2206,09:30:02,$ 3453.94,1
2207,09:30:02,$ 3453.94,1
2208,09:30:02,$ 3453.94,4
2209,09:30:02,$ 3453.94,1
2210,09:30:02,$ 3453.94,1
2211,09:30:02,$ 3453.94,1
2212,09:30:02,$ 3453.94,20
2213,09:30:02,$ 3453.94,2
2214,09:30:02,$ 3453.94,2
2215,09:30:02,$ 3453.94,1
2216,09:30:02,$ 3453.94,1
2217,09:30:02,$ 3453.94,1
2218,09:30:02,$ 3453.94,1
2219,09:30:02,$ 3453.94,2
2220,09:30:02,$ 3453.94,55
2221,09:30:02,$ 3453.94,2
2222,09:30:02,$ 3453.94,1
2223,09:30:02,$ 3453.94,1
2224,09:30:02,$ 3453.94,1
2225,09:30:02,$ 3453.94,3
2227,09:30:02,$ 3453.94,7
2228,09:30:02,$ 3453.94,1
2229,09:30:02,$ 3453.94,3
2230,09:30:02,$ 3453.94,1
2231,09:30:02,$ 3453.94,4
2232,09:30:02,$ 3453.94,2
2233,09:30:02,$ 3453.94,1
2234,09:30:02,$ 3453.94,5
2235,09:30:02,$ 3453.94,4
2236,09:30:02,$ 3453.94,3
2237,09:30:02,$ 3453.94,1
2238,09:30:02,$ 3453.94,2
2239,09:30:02,$ 3453.94,2
2240,09:30:02,$ 3453.94,2
2241,09:30:02,$ 3453.94,1
2242,09:30:02,$ 3453.94,1
2243,09:30:02,$ 3453.94,1
2244,09:30:02,$ 3453.94,1
2245,09:30:02,$ 3453.94,3
2246,09:30:02,$ 3453.94,1
2248,09:30:02,$ 3453.94,1
2249,09:30:02,$ 3453.94,1
2250,09:30:02,$ 3453.94,2
2251,09:30:02,$ 3453.94,2
2252,09:30:02,$ 3453.94,179
2253,09:30:02,$ 3453.94,5
2254,09:30:02,$ 3453.94,1
2255,09:30:02,$ 3453.94,14
2256,09:30:02,$ 3453.94,4
2257,09:30:02,$ 3453.94,1
2258,09:30:02,$ 3453.94,1
2259,09:30:02,$ 3453.94,1
2260,09:30:02,$ 3453.94,21
2261,09:30:02,$ 3453.94,20
2262,09:30:02,$ 3453.94,3
2263,09:30:02,$ 3453.94,9
2264,09:30:02,$ 3453.94,3
2265,09:30:02,$ 3453.94,43
2266,09:30:02,$ 3453.94,15
2267,09:30:02,$ 3453.94,34
2269,09:30:02,$ 3453.94,3
2270,09:30:02,$ 3453.94,18
2271,09:30:02,$ 3453.94,1
2272,09:30:02,$ 3453.94,5
2273,09:30:02,$ 3453.94,2
2274,09:30:02,$ 3453.94,40
2275,09:30:02,$ 3453.94,7
2276,09:30:02,$ 3453.94,15
2277,09:30:02,$ 3453.94,6
2278,09:30:02,$ 3453.94,25
2279,09:30:02,$ 3453.94,20
2280,09:30:02,$ 3453.94,20
2281,09:30:02,$ 3453.94,1
2282,09:30:02,$ 3453.94,1
2283,09:30:02,$ 3453.94,3
2284,09:30:02,$ 3453.94,6
2285,09:30:02,$ 3453.94,1
2286,09:30:02,$ 3453.94,1
2287,09:30:02,$ 3453.94,15
2288,09:30:02,$ 3453.94,45
2290,09:30:02,$ 3453.94,6
2291,09:30:02,$ 3453.94,5
2292,09:30:02,$ 3453.94,1
2293,09:30:02,$ 3453.94,1
2294,09:30:02,$ 3453.94,2
2295,09:30:02,$ 3453.94,2
2296,09:30:02,$ 3453.94,23
2297,09:30:02,$ 3453.94,1
2298,09:30:02,$ 3453.94,1
2299,09:30:02,$ 3453.94,1
2300,09:30:02,$ 3453.94,1
2301,09:30:02,$ 3453.94,39
2302,09:30:02,$ 3453.94,10
2303,09:30:02,$ 3453.94,2
2304,09:30:02,$ 3453.94,1
2305,09:30:02,$ 3453.94,8
2306,09:30:02,$ 3453.94,1
2307,09:30:02,$ 3453.94,1
2308,09:30:02,$ 3453.94,1
2309,09:30:02,$ 3453.94,1
2311,09:30:02,$ 3453.94,25
2312,09:30:02,$ 3453.94,1
2313,09:30:02,$ 3453.94,1
2314,09:30:02,$ 3453.94,1
2315,09:30:02,$ 3453.94,1
2316,09:30:02,$ 3453.94,5
2317,09:30:02,$ 3453.94,1
2318,09:30:02,$ 3453.94,2
2319,09:30:02,$ 3453.94,2
2320,09:30:02,$ 3453.94,4
2321,09:30:02,$ 3453.94,7
2322,09:30:02,$ 3453.94,1
2323,09:30:02,$ 3453.94,1
2324,09:30:02,$ 3453.94,2
2325,09:30:02,$ 3453.94,15
2326,09:30:02,$ 3453.94,8
2327,09:30:02,$ 3453.94,2
2328,09:30:02,$ 3453.94,12
2329,09:30:02,$ 3453.94,1
2330,09:30:02,$ 3453.94,1
2332,09:30:02,$ 3453.94,3
2333,09:30:02,$ 3453.94,40
2334,09:30:02,$ 3453.94,1
2335,09:30:02,$ 3453.94,1
2336,09:30:02,$ 3453.94,1
2337,09:30:02,$ 3453.94,1
2338,09:30:02,$ 3453.94,1
2339,09:30:02,$ 3453.94,7
2340,09:30:02,$ 3453.94,15
2341,09:30:02,$ 3453.94,10
2342,09:30:02,$ 3453.94,15
2343,09:30:02,$ 3453.94,2
2344,09:30:02,$ 3453.94,1
2345,09:30:02,$ 3453.94,2
2346,09:30:02,$ 3453.94,2
2347,09:30:02,$ 3453.94,1
2348,09:30:02,$ 3453.94,1
2349,09:30:02,$ 3453.94,57
2350,09:30:02,$ 3453.94,1
2351,09:30:02,$ 3453.94,322
2353,09:30:02,$ 3453.94,1
2354,09:30:02,$ 3453.94,32
2355,09:30:02,$ 3453.94,1
2356,09:30:02,$ 3453.94,35
2357,09:30:02,$ 3453.94,1
2358,09:30:02,$ 3453.94,35
2359,09:30:02,$ 3453.94,8
2360,09:30:02,$ 3453.94,3
2361,09:30:02,$ 3453.94,4
2362,09:30:02,$ 3453.94,5
2363,09:30:02,$ 3453.94,8
2364,09:30:02,$ 3453.94,15
2365,09:30:02,$ 3453.94,1
2366,09:30:02,$ 3453.94,1
2367,09:30:02,$ 3453.94,1
2368,09:30:02,$ 3453.94,1
2369,09:30:02,$ 3453.94,1
2370,09:30:02,$ 3453.94,1
2371,09:30:02,$ 3453.94,1
2372,09:30:02,$ 3453.94,5
2374,09:30:02,$ 3453.94,3
2375,09:30:02,$ 3453.94,1
2376,09:30:02,$ 3453.94,1
2377,09:30:02,$ 3453.94,1
2378,09:30:02,$ 3453.94,1
2379,09:30:02,$ 3453.94,1
2380,09:30:02,$ 3453.94,5
2381,09:30:02,$ 3453.94,3
2382,09:30:02,$ 3453.94,2
2383,09:30:02,$ 3453.94,3
2384,09:30:02,$ 3453.94,10
2385,09:30:02,$ 3453.94,2
2386,09:30:02,$ 3453.94,2
2387,09:30:02,$ 3453.94,4
2388,09:30:02,$ 3453.94,8
2389,09:30:02,$ 3453.94,1
2390,09:30:02,$ 3453.94,2
2391,09:30:02,$ 3453.94,1
2392,09:30:02,$ 3453.94,2
2393,09:30:02,$ 3453.94,1
2395,09:30:02,$ 3453.94,5
2396,09:30:02,$ 3453.94,8
2397,09:30:02,$ 3453.94,1
2398,09:30:02,$ 3453.94,4
2399,09:30:02,$ 3453.94,1
2400,09:30:02,$ 3453.94,10
2401,09:30:02,$ 3453.94,1
2402,09:30:02,$ 3453.94,1
2403,09:30:02,$ 3453.94,1
2404,09:30:02,$ 3453.94,1
2405,09:30:02,$ 3453.94,10
2406,09:30:02,$ 3453.94,2
2407,09:30:02,$ 3453.94,1
2408,09:30:02,$ 3453.94,2
2409,09:30:02,$ 3453.94,1
2410,09:30:02,$ 3453.94,2
2411,09:30:02,$ 3453.94,2
2412,09:30:02,$ 3453.94,2
2413,09:30:02,$ 3453.94,1
2414,09:30:02,$ 3453.94,2
2416,09:30:02,$ 3453.94,2
2417,09:30:02,$ 3453.94,7
2418,09:30:02,$ 3453.94,1
2419,09:30:02,$ 3453.94,1
2420,09:30:02,$ 3453.94,2
2421,09:30:02,$ 3453.94,1
2422,09:30:02,$ 3453.94,1
2423,09:30:02,$ 3453.94,2
2424,09:30:02,$ 3453.94,1
2425,09:30:02,$ 3453.94,1
2426,09:30:02,$ 3453.94,3
2427,09:30:02,$ 3453.94,1
2428,09:30:02,$ 3453.94,5
2429,09:30:02,$ 3453.94,3
2430,09:30:02,$ 3453.94,1
2431,09:30:02,$ 3453.94,17
2432,09:30:02,$ 3453.94,2
2433,09:30:02,$ 3453.94,25
2434,09:30:02,$ 3453.94,1
2435,09:30:02,$ 3453.94,1
2437,09:30:02,$ 3453.94,208
2438,09:30:02,$ 3453.94,82
2439,09:30:02,$ 3453.94,1
2440,09:30:02,$ 3453.94,5
2441,09:30:02,$ 3453.94,19
2442,09:30:02,$ 3453.94,1
2443,09:30:02,$ 3453.94,580
2444,09:30:02,$ 3453.94,1
2445,09:30:02,$ 3453.94,3
2446,09:30:02,$ 3453.94,1
2447,09:30:02,$ 3453.94,1
2448,09:30:02,$ 3453.94,5
2449,09:30:02,$ 3453.94,2
2450,09:30:02,$ 3453.94,2
2451,09:30:02,$ 3453.94,3
2452,09:30:02,$ 3453.94,1
2453,09:30:02,$ 3453.94,1
2454,09:30:02,$ 3453.94,5
2455,09:30:02,$ 3453.94,173
2456,09:30:02,$ 3453.94,25
2458,09:30:02,$ 3453.94,1
2459,09:30:02,$ 3453.94,1
2460,09:30:02,$ 3453.94,8
2461,09:30:02,$ 3453.94,100
2462,09:30:02,$ 3453.94,85
2463,09:30:02,$ 3453.94,18
2464,09:30:02,$ 3453.94,10
2465,09:30:02,$ 3453.94,20
2466,09:30:02,$ 3453.94,4
2467,09:30:02,$ 3453.94,3
2468,09:30:02,$ 3453.94,1
2469,09:30:02,$ 3453.94,2
2470,09:30:02,$ 3453.94,5
2471,09:30:02,$ 3453.94,8
2472,09:30:02,$ 3453.94,1
2473,09:30:02,$ 3453.94,1
2474,09:30:02,$ 3453.94,11
2475,09:30:02,$ 3453.94,1
2476,09:30:02,$ 3453.94,1
2477,09:30:02,$ 3453.94,2
2479,09:30:02,$ 3453.94,4
2480,09:30:02,$ 3453.94,1
2481,09:30:02,$ 3453.94,12
2482,09:30:02,$ 3453.94,1
2483,09:30:02,$ 3453.94,3
2484,09:30:02,$ 3453.94,1
2485,09:30:02,$ 3453.94,5
2486,09:30:02,$ 3453.94,6
2487,09:30:02,$ 3453.94,10
2488,09:30:02,$ 3453.94,9
2489,09:30:02,$ 3453.94,14
2490,09:30:02,$ 3453.94,1
2491,09:30:02,$ 3453.94,11
2492,09:30:02,$ 3453.94,11
2493,09:30:02,$ 3453.94,1
2494,09:30:02,$ 3453.94,20
2495,09:30:02,$ 3453.94,2
2496,09:30:02,$ 3453.94,5
2497,09:30:02,$ 3453.94,1
2498,09:30:02,$ 3453.94,6
2500,09:30:02,$ 3453.94,1
2501,09:30:02,$ 3453.94,1
2502,09:30:02,$ 3453.94,1
2503,09:30:02,$ 3453.94,1
2504,09:30:02,$ 3453.94,50
2505,09:30:02,$ 3453.94,29
2506,09:30:02,$ 3453.94,3
2507,09:30:02,$ 3453.94,5
2508,09:30:02,$ 3453.94,2
2509,09:30:02,$ 3453.94,1
2510,09:30:02,$ 3453.94,1
2511,09:30:02,$ 3453.94,1
2512,09:30:02,$ 3453.94,2
2513,09:30:02,$ 3453.94,387
2514,09:30:02,$ 3453.94,1
2515,09:30:02,$ 3453.94,2
2516,09:30:02,$ 3453.94,10
2517,09:30:02,$ 3453.94,1
2518,09:30:02,$ 3453.94,1
2519,09:30:02,$ 3453.94,1
2521,09:30:02,$ 3453.94,2
2522,09:30:02,$ 3453.94,1
2523,09:30:02,$ 3453.94,45
2524,09:30:02,$ 3453.94,5
2525,09:30:02,$ 3453.94,1
2526,09:30:02,$ 3453.94,1
2527,09:30:02,$ 3453.94,13
2528,09:30:02,$ 3453.94,2
2529,09:30:02,$ 3453.94,1
2530,09:30:02,$ 3453.94,1
2531,09:30:02,$ 3453.94,7
2532,09:30:02,$ 3453.94,4
2533,09:30:02,$ 3453.94,173
2534,09:30:02,$ 3453.94,1
2535,09:30:02,$ 3453.94,10
2536,09:30:02,$ 3453.94,1
2537,09:30:02,$ 3453.94,1
2538,09:30:02,$ 3453.94,5
2539,09:30:02,$ 3453.94,20
2540,09:30:02,$ 3453.94,2
2542,09:30:02,$ 3453.94,188
2543,09:30:02,$ 3453.94,400
2544,09:30:02,$ 3453.94,500
2545,09:30:02,$ 3453.94,1
2546,09:30:02,$ 3453.94,2
2547,09:30:02,$ 3453.94,2
2548,09:30:02,$ 3453.94,1
2549,09:30:02,$ 3453.94,2
2550,09:30:02,$ 3453.94,10
2551,09:30:02,$ 3453.94,10
2552,09:30:02,$ 3453.94,1
2553,09:30:02,$ 3453.94,2
2554,09:30:02,$ 3453.94,1
2555,09:30:02,$ 3453.94,1
2556,09:30:02,$ 3453.94,1
2557,09:30:02,$ 3453.94,2
2558,09:30:02,$ 3453.94,1
2559,09:30:02,$ 3453.94,55
2560,09:30:02,$ 3453.94,1
2561,09:30:02,$ 3453.94,1
2563,09:30:02,$ 3453.94,1
2564,09:30:02,$ 3453.94,100
2565,09:30:02,$ 3453.94,1
2566,09:30:02,$ 3453.94,4
2567,09:30:02,$ 3453.94,4
2568,09:30:02,$ 3453.94,7
2569,09:30:02,$ 3453.94,10
2570,09:30:02,$ 3453.94,1
2571,09:30:02,$ 3453.94,1
2572,09:30:02,$ 3453.94,100
2573,09:30:02,$ 3453.94,1
2574,09:30:02,$ 3453.94,5
2575,09:30:02,$ 3453.94,25
2576,09:30:02,$ 3453.94,2
2577,09:30:02,$ 3453.94,2
2578,09:30:02,$ 3453.94,5
2579,09:30:02,$ 3453.94,25
2580,09:30:02,$ 3453.94,4
2581,09:30:02,$ 3453.94,6
2582,09:30:02,$ 3453.94,2
2584,09:30:02,$ 3453.94,1
2585,09:30:02,$ 3453.94,2
2586,09:30:02,$ 3453.94,1
2587,09:30:02,$ 3453.94,1
2588,09:30:02,$ 3453.94,1
2589,09:30:02,$ 3453.94,2
2590,09:30:02,$ 3453.94,1
2591,09:30:02,$ 3453.94,1
2592,09:30:02,$ 3453.94,3
2593,09:30:02,$ 3453.94,1
2594,09:30:02,$ 3453.94,5
2595,09:30:02,$ 3453.94,1
2596,09:30:02,$ 3453.94,5
2597,09:30:02,$ 3453.94,7
2598,09:30:02,$ 3453.94,7
2599,09:30:02,$ 3453.94,6
2600,09:30:02,$ 3453.94,16
2601,09:30:02,$ 3453.94,10
2602,09:30:02,$ 3453.94,2
2603,09:30:02,$ 3453.94,5
2605,09:30:02,$ 3453.94,2
2606,09:30:02,$ 3453.94,10
2607,09:30:02,$ 3453.94,1
2608,09:30:02,$ 3453.94,1
2609,09:30:02,$ 3453.94,1
2610,09:30:02,$ 3453.94,1
2611,09:30:02,$ 3453.94,30
2612,09:30:02,$ 3453.94,1
2613,09:30:02,$ 3453.94,1
2614,09:30:02,$ 3453.94,3
2615,09:30:02,$ 3453.94,5
2616,09:30:02,$ 3453.94,4
2617,09:30:02,$ 3453.94,2
2618,09:30:02,$ 3453.94,2
2619,09:30:02,$ 3453.94,2
2620,09:30:02,$ 3453.94,1
2621,09:30:02,$ 3453.94,3
2622,09:30:02,$ 3453.94,3
2623,09:30:02,$ 3453.94,2
2624,09:30:02,$ 3453.94,2
2626,09:30:02,$ 3453.94,1
2627,09:30:02,$ 3453.94,1
2628,09:30:02,$ 3453.94,1
2629,09:30:02,$ 3453.94,1
2630,09:30:02,$ 3453.94,1
2631,09:30:02,$ 3453.94,6
2632,09:30:02,$ 3453.94,1
2633,09:30:02,$ 3453.94,1
2634,09:30:02,$ 3453.94,2
2635,09:30:02,$ 3453.94,1
2636,09:30:02,$ 3453.94,1
2637,09:30:02,$ 3453.94,1
2638,09:30:02,$ 3453.94,10
2639,09:30:02,$ 3453.94,29
2640,09:30:02,$ 3453.94,1
2641,09:30:02,$ 3453.94,3
2642,09:30:02,$ 3453.94,1
2643,09:30:02,$ 3453.94,1
2644,09:30:02,$ 3453.94,1
2645,09:30:02,$ 3453.94,15
2647,09:30:02,$ 3453.94,1
2648,09:30:02,$ 3453.94,1
2649,09:30:02,$ 3453.94,22
2650,09:30:02,$ 3453.94,10
2651,09:30:02,$ 3453.94,50
2652,09:30:02,$ 3453.94,1
2653,09:30:02,$ 3453.94,13
2654,09:30:02,$ 3453.94,5
2655,09:30:02,$ 3453.94,3
2656,09:30:02,$ 3453.94,3
2657,09:30:02,$ 3453.94,2
2658,09:30:02,$ 3453.94,11
2659,09:30:02,$ 3453.94,1
2660,09:30:02,$ 3453.94,1
2661,09:30:02,$ 3453.94,1
2662,09:30:02,$ 3453.94,2
2663,09:30:02,$ 3453.94,1
2664,09:30:02,$ 3453.94,5
2665,09:30:02,$ 3453.94,1
2666,09:30:02,$ 3453.94,1
2668,09:30:02,$ 3453.94,1
2669,09:30:02,$ 3453.94,1
2670,09:30:02,$ 3453.94,1
2671,09:30:02,$ 3453.94,1
2672,09:30:02,$ 3453.94,1
2673,09:30:02,$ 3453.94,1
2674,09:30:02,$ 3453.94,62
2675,09:30:02,$ 3453.94,41
2676,09:30:02,$ 3453.94,1
2677,09:30:02,$ 3453.94,1
2678,09:30:02,$ 3453.94,1
2679,09:30:02,$ 3453.94,1
2680,09:30:02,$ 3453.94,1
2681,09:30:02,$ 3453.94,1
2682,09:30:02,$ 3453.94,2
2683,09:30:02,$ 3453.94,2
2684,09:30:02,$ 3453.94,2
2685,09:30:02,$ 3453.94,1
2686,09:30:02,$ 3453.94,7
2687,09:30:02,$ 3453.94,1
2689,09:30:02,$ 3453.94,1
2690,09:30:02,$ 3453.94,2
2691,09:30:02,$ 3453.94,6
2692,09:30:02,$ 3453.94,7
2693,09:30:02,$ 3453.94,7
2694,09:30:02,$ 3453.94,10
2695,09:30:02,$ 3453.94,12
2696,09:30:02,$ 3453.94,1
2697,09:30:02,$ 3453.94,1
2698,09:30:02,$ 3453.94,2
2699,09:30:02,$ 3453.94,1
2700,09:30:02,$ 3453.94,1
2701,09:30:02,$ 3453.94,1
2702,09:30:02,$ 3453.94,5
2703,09:30:02,$ 3453.94,2
2704,09:30:02,$ 3453.94,3
2705,09:30:02,$ 3453.94,2
2706,09:30:02,$ 3453.94,1
2707,09:30:02,$ 3453.94,4
2708,09:30:02,$ 3453.94,1
2710,09:30:02,$ 3453.94,29
2711,09:30:02,$ 3453.94,1
2712,09:30:02,$ 3453.94,1
2713,09:30:02,$ 3453.94,1
2714,09:30:02,$ 3453.94,1
2715,09:30:02,$ 3453.94,25
2716,09:30:02,$ 3453.94,5
2717,09:30:02,$ 3453.94,10
2718,09:30:02,$ 3453.94,6
2719,09:30:02,$ 3453.94,29
2720,09:30:02,$ 3453.94,1
2721,09:30:02,$ 3453.94,3
2722,09:30:02,$ 3453.94,1
2723,09:30:02,$ 3453.94,250
2724,09:30:02,$ 3453.94,34
2725,09:30:02,$ 3453.94,30
2726,09:30:02,$ 3453.94,1
2727,09:30:02,$ 3453.94,1
2728,09:30:02,$ 3453.94,10
2729,09:30:02,$ 3453.94,3
2731,09:30:02,$ 3448.36,100
2732,09:30:02,$ 3452.615,100
2733,09:30:02,$ 3452.00,123
2734,09:30:02,$ 3452.01,110
2735,09:30:02,$ 3452.01,158
2737,10:29:44,$ 3448.11,100
2738,10:29:42,$ 3447.86,500
2739,10:29:41,$ 3447.8799,100
2740,10:29:16,$ 3446.82,109
2741,10:29:16,$ 3447.00,100
2742,10:29:14,$ 3446.9999,100
2743,10:29:14,$ 3446.00,100
2744,10:29:08,$ 3446.7835,109
2745,10:28:53,$ 3447.27,100
2746,10:28:48,$ 3447.78,100
2747,10:28:47,$ 3447.78,100
2748,10:28:47,$ 3448.468,100
2749,10:28:45,$ 3448.67,100
2750,10:28:34,$ 3449.2399,100
2751,10:28:16,$ 3449.28,100
2752,10:27:12,$ 3450.45,114
2753,10:27:12,$ 3450.11,100
2754,10:26:45,$ 3449.66,100
2755,10:26:45,$ 3450.06,100
2756,10:26:37,$ 3450.97,200
2758,10:26:19,$ 3450.4027,135
2759,10:26:13,$ 3450.22,100
2760,10:26:11,$ 3450.26,100
2761,10:26:11,$ 3450.31,100
2762,10:26:11,$ 3450.31,100
2763,10:26:05,$ 3449.57,100
2764,10:25:47,$ 3449.415,"1,000"
2765,10:25:40,$ 3449.45,100
2766,10:25:24,$ 3448.6315,125
2767,10:25:01,$ 3449.1079,100
2768,10:25:01,$ 3448.23,100
2769,10:25:01,$ 3449.1079,100
2770,10:25:01,$ 3448.27,100
2771,10:24:57,$ 3448.86,100
2772,10:24:51,$ 3448.5565,100
2773,10:24:48,$ 3448.64,100
2774,10:24:48,$ 3448.62,100
2775,10:24:47,$ 3449.04,100
2776,10:24:38,$ 3448.98,100
2777,10:24:35,$ 3449.85,100
2779,10:24:33,$ 3449.65,100
2780,10:24:17,$ 3450.14,100
2781,10:24:16,$ 3450.75,100
2782,10:24:16,$ 3450.745,100
2783,10:24:16,$ 3450.75,100
2784,10:24:16,$ 3450.745,100
2785,10:23:45,$ 3450.57,100
2786,10:23:41,$ 3451.89,100
2787,10:23:41,$ 3451.93,100
2788,10:23:34,$ 3451.20,100
2789,10:23:31,$ 3451.7622,300
2790,10:23:29,$ 3451.475,100
2791,10:23:27,$ 3451.0869,500
2792,10:23:26,$ 3451.25,899
2793,10:23:26,$ 3451.25,100
2794,10:23:22,$ 3450.895,100
2795,10:23:12,$ 3450.51,500
2796,10:22:49,$ 3449.60,100
2797,10:22:39,$ 3450.04,100
2798,10:22:29,$ 3449.725,100
2800,10:22:28,$ 3448.77,100
2801,10:22:11,$ 3448.6044,100
2802,10:22:09,$ 3449.615,500
2803,10:22:07,$ 3449.37,100
2804,10:21:47,$ 3450.9799,100
2805,10:21:21,$ 3449.0419,100
2806,10:21:13,$ 3449.74,144
2807,10:21:10,$ 3449.04,100
2808,10:21:03,$ 3449.62,100
2809,10:21:02,$ 3449.62,100
2810,10:21:00,$ 3449.61,100
2811,10:20:52,$ 3450.5599,100
2812,10:20:52,$ 3449.53,100
2813,10:20:47,$ 3448.375,100
2814,10:20:47,$ 3449.04,100
2815,10:20:47,$ 3448.91,100
2816,10:20:38,$ 3448.61,100
2817,10:20:36,$ 3448.61,200
2818,10:20:33,$ 3448.145,100
2819,10:20:33,$ 3449.05,100
2821,10:20:33,$ 3448.115,100
2822,10:20:33,$ 3448.145,100
2823,10:20:33,$ 3448.245,100
2824,10:20:33,$ 3448.165,100
2825,10:20:30,$ 3449.43,100
2826,10:20:30,$ 3449.43,100
2827,10:20:29,$ 3449.418,500
2828,10:20:12,$ 3449.43,246
2829,10:20:08,$ 3450.10,100
2830,10:20:08,$ 3449.67,100
2831,10:20:00,$ 3450.40,100
2832,10:20:00,$ 3450.40,100
2833,10:20:00,$ 3449.7088,197
2834,10:20:00,$ 3450.40,300
2835,10:19:59,$ 3450.00,100
2836,10:19:59,$ 3450.00,430
2837,10:19:59,$ 3450.00,116
2838,10:19:59,$ 3450.00,180
2839,10:19:59,$ 3450.00,256
2840,10:19:59,$ 3450.00,100
2842,10:19:59,$ 3450.40,100
2843,10:19:58,$ 3450.40,100
2844,10:19:58,$ 3450.40,100
2845,10:19:54,$ 3451.07,101
2846,10:19:47,$ 3451.13,100
2847,10:19:39,$ 3450.15,100
2848,10:19:38,$ 3450.575,100
2849,10:19:32,$ 3450.23,100
2850,10:19:31,$ 3450.705,500
2851,10:19:31,$ 3450.99,100
2852,10:19:28,$ 3450.99,100
2853,10:19:18,$ 3450.4753,100
2854,10:19:17,$ 3450.98,100
2855,10:19:16,$ 3450.99,100
2856,10:19:16,$ 3450.78,100
2857,10:19:13,$ 3450.51,100
2858,10:19:09,$ 3451.00,100
2859,10:19:07,$ 3450.95,100
2860,10:19:07,$ 3450.83,100
2861,10:19:07,$ 3451.01,100
2863,10:19:06,$ 3451.00,100
2864,10:19:03,$ 3451.00,100
2865,10:18:56,$ 3451.57,100
2866,10:18:53,$ 3452.00,900
2867,10:18:46,$ 3452.57,100
2868,10:18:46,$ 3453.18,100
2869,10:18:35,$ 3452.73,100
2870,10:18:29,$ 3453.025,100
2871,10:18:29,$ 3452.84,100
2872,10:18:29,$ 3453.08,100
2873,10:18:23,$ 3453.02,100
2874,10:18:23,$ 3453.39,100
2875,10:18:14,$ 3454.35,500
2876,10:18:13,$ 3454.05,100
2877,10:18:04,$ 3455.43,109
2878,10:18:03,$ 3455.25,100
2879,10:17:59,$ 3455.50,100
2880,10:17:37,$ 3455.58,100
2881,10:17:16,$ 3454.99,100
2882,10:17:13,$ 3454.935,100
2884,10:17:13,$ 3455.00,100
2885,10:17:13,$ 3454.87,100
2886,10:17:13,$ 3455.77,100
2887,10:17:06,$ 3456.3567,300
2888,10:17:03,$ 3456.95,100
2889,10:17:02,$ 3456.85,100
2890,10:17:02,$ 3456.89,100
2891,10:16:59,$ 3455.895,100
2892,10:16:58,$ 3456.192,100
2893,10:16:58,$ 3455.74,100
2894,10:16:58,$ 3455.675,200
2895,10:16:56,$ 3455.50,100
2896,10:16:51,$ 3454.58,100
2897,10:16:51,$ 3454.77,100
2898,10:16:51,$ 3455.285,100
2899,10:16:51,$ 3456.28,100
2900,10:16:51,$ 3456.005,100
2901,10:16:44,$ 3454.9412,100
2902,10:16:38,$ 3453.95,100
2903,10:16:17,$ 3453.317,500
2905,10:15:56,$ 3452.675,600
2906,10:15:52,$ 3452.98,100
2907,10:15:37,$ 3453.515,500
2908,10:15:14,$ 3454.29,100
2909,10:15:14,$ 3455.465,100
2910,10:15:13,$ 3454.1201,121
2911,10:15:03,$ 3455.24,100
2912,10:14:55,$ 3455.24,100
2913,10:14:47,$ 3454.16,100
2914,10:14:47,$ 3454.21,100
2915,10:14:33,$ 3454.34,100
2916,10:14:31,$ 3454.35,100
2917,10:14:24,$ 3454.42,193
2918,10:14:13,$ 3454.42,100
2919,10:14:13,$ 3454.41,133
2920,10:14:00,$ 3455.39,109
2921,10:13:59,$ 3455.068,500
2922,10:13:49,$ 3455.3886,100
2923,10:13:49,$ 3454.945,100
2924,10:13:49,$ 3454.4101,200
2926,10:13:44,$ 3455.6999,100
2927,10:13:33,$ 3455.41,100
2928,10:13:32,$ 3454.32,100
2929,10:13:22,$ 3454.57,100
2930,10:13:16,$ 3455.19,100
2931,10:13:14,$ 3453.9153,100
2932,10:13:05,$ 3454.291,269
2933,10:13:05,$ 3454.291,100
2934,10:13:05,$ 3454.618,100
2935,10:13:02,$ 3455.865,100
2936,10:12:42,$ 3457.44,527
2937,10:12:42,$ 3457.44,204
2938,10:12:42,$ 3457.44,101
2939,10:12:42,$ 3457.8675,400
2940,10:12:37,$ 3458.03,100
2941,10:12:30,$ 3458.19,100
2942,10:12:30,$ 3458.19,141
2943,10:12:29,$ 3457.98,500
2944,10:12:23,$ 3457.8347,140
2945,10:12:22,$ 3457.15,100
2947,10:12:21,$ 3456.975,500
2948,10:12:19,$ 3456.30,100
2949,10:12:19,$ 3456.29,100
2950,10:12:17,$ 3456.405,200
2951,10:12:12,$ 3457.7999,500
2952,10:12:11,$ 3456.465,100
2953,10:12:06,$ 3457.3621,140
2954,10:12:02,$ 3456.88,100
2955,10:11:54,$ 3458.02,100
2956,10:11:48,$ 3458.295,600
2957,10:11:48,$ 3458.5172,100
2958,10:11:21,$ 3458.00,100
2959,10:11:21,$ 3458.00,100
2960,10:11:20,$ 3458.88,100
2961,10:11:19,$ 3458.44,500
2962,10:11:00,$ 3457.55,100
2963,10:11:00,$ 3457.565,100
2964,10:10:54,$ 3457.13,100
2965,10:10:48,$ 3456.8733,600
2966,10:10:48,$ 3456.875,100
2968,10:10:47,$ 3457.6199,100
2969,10:10:46,$ 3456.3337,100
2970,10:10:41,$ 3456.42,100
2971,10:10:39,$ 3455.52,100
2972,10:10:39,$ 3455.4588,101
2973,10:10:39,$ 3455.50,100
2974,10:10:33,$ 3455.76,100
2975,10:10:33,$ 3454.89,100
2976,10:10:33,$ 3455.52,100
2977,10:10:33,$ 3455.44,100
2978,10:10:32,$ 3455.66,100
2979,10:10:29,$ 3455.65,100
2980,10:10:27,$ 3455.47,109
2981,10:10:27,$ 3454.83,100
2982,10:10:26,$ 3454.65,100
2983,10:10:26,$ 3454.65,200
2984,10:10:25,$ 3455.1666,200
2985,10:10:25,$ 3455.2899,100
2986,10:10:25,$ 3454.65,100
2987,10:10:24,$ 3455.20,100
2989,10:10:24,$ 3455.21,100
2990,10:10:21,$ 3454.69,300
2991,10:10:21,$ 3454.32,100
2992,10:10:18,$ 3454.27,300
2993,10:10:18,$ 3454.46,100
2994,10:10:18,$ 3454.55,100
2995,10:10:12,$ 3454.55,100
2996,10:10:12,$ 3455.04,100
2997,10:10:12,$ 3455.04,100
2998,10:10:12,$ 3455.04,100
2999,10:10:12,$ 3455.04,100
3000,10:10:08,$ 3455.3831,289
3001,10:10:08,$ 3455.3831,677
3002,10:10:02,$ 3455.00,100
3003,10:10:02,$ 3455.00,493
3004,10:10:02,$ 3455.00,233
3005,10:10:02,$ 3455.545,100
3006,10:10:01,$ 3456.42,200
3007,10:09:36,$ 3457.67,100
3008,10:09:36,$ 3457.55,147
3010,10:09:19,$ 3457.2901,100
3011,10:09:14,$ 3458.22,500
3012,10:09:10,$ 3458.3475,100
3013,10:09:10,$ 3458.50,100
3014,10:09:10,$ 3458.10,200
3015,10:09:07,$ 3458.33,100
3016,10:09:05,$ 3459.32,100
3017,10:09:05,$ 3459.63,100
3018,10:09:01,$ 3458.455,200
3019,10:08:50,$ 3458.1975,100
3020,10:08:50,$ 3459.14,100
3021,10:08:50,$ 3458.78,100
3022,10:08:50,$ 3458.67,100
3023,10:08:50,$ 3458.67,100
3024,10:08:48,$ 3459.18,100
3025,10:08:45,$ 3459.125,100
3026,10:08:36,$ 3458.265,200
3027,10:08:36,$ 3459.09,100
3028,10:08:36,$ 3459.20,100
3029,10:08:29,$ 3458.30,110
3031,10:08:29,$ 3458.30,100
3032,10:08:16,$ 3458.57,100
3033,10:08:14,$ 3458.405,100
3034,10:08:14,$ 3458.41,100
3035,10:08:08,$ 3458.04,100
3036,10:08:04,$ 3458.79,100
3037,10:08:03,$ 3457.809,100
3038,10:08:01,$ 3458.00,100
3039,10:07:56,$ 3457.525,200
3040,10:07:54,$ 3457.58,100
3041,10:07:53,$ 3458.00,175
3042,10:07:51,$ 3457.9999,500
3043,10:07:51,$ 3457.29,134
3044,10:07:48,$ 3456.19,100
3045,10:07:36,$ 3456.1077,100
3046,10:07:36,$ 3455.48,187
3047,10:07:36,$ 3455.48,100
3048,10:07:36,$ 3455.48,100
3049,10:07:30,$ 3455.0101,500
3050,10:07:29,$ 3456.23,100
3052,10:07:26,$ 3456.99,100
3053,10:07:26,$ 3457.00,109
3054,10:07:26,$ 3457.00,100
3055,10:07:26,$ 3457.00,109
3056,10:07:26,$ 3457.00,109
3057,10:07:26,$ 3457.00,100
3058,10:07:25,$ 3457.66,100
3059,10:07:23,$ 3457.00,109
3060,10:07:21,$ 3456.7383,300
3061,10:07:20,$ 3456.99,143
3062,10:07:18,$ 3455.03,100
3063,10:07:18,$ 3455.03,"1,402"
3064,10:07:18,$ 3455.48,300
3065,10:07:14,$ 3455.01,100
3066,10:07:14,$ 3455.92,100
3067,10:07:14,$ 3455.91,100
3068,10:07:06,$ 3456.395,100
3069,10:07:06,$ 3456.395,100
3070,10:07:01,$ 3456.24,100
3071,10:07:01,$ 3456.24,100
3073,10:07:01,$ 3455.597,500
3074,10:06:57,$ 3455.47,100
3075,10:06:56,$ 3455.00,109
3076,10:06:55,$ 3455.00,109
3077,10:06:55,$ 3455.00,109
3078,10:06:55,$ 3455.00,200
3079,10:06:55,$ 3455.00,100
3080,10:06:53,$ 3455.06,100
3081,10:06:47,$ 3455.00,100
3082,10:06:43,$ 3456.2399,100
3083,10:06:41,$ 3455.65,100
3084,10:06:37,$ 3455.66,100
3085,10:06:37,$ 3456.20,100
3086,10:06:37,$ 3456.15,200
3087,10:06:37,$ 3456.20,100
3088,10:06:23,$ 3458.05,100
3089,10:06:15,$ 3457.2501,200
3090,10:06:07,$ 3459.035,100
3091,10:06:04,$ 3458.94,100
3092,10:05:59,$ 3457.891,200
3094,10:05:55,$ 3457.675,100
3095,10:05:54,$ 3458.24,100
3096,10:05:49,$ 3458.5475,100
3097,10:05:46,$ 3458.34,193
3098,10:05:45,$ 3458.80,100
3099,10:05:44,$ 3458.81,100
3100,10:05:43,$ 3458.1473,100
3101,10:05:37,$ 3458.665,100
3102,10:05:37,$ 3458.80,100
3103,10:05:36,$ 3459.4674,189
3104,10:05:36,$ 3459.225,100
3105,10:05:36,$ 3459.21,100
3106,10:05:35,$ 3459.35,100
3107,10:05:35,$ 3458.8001,100
3108,10:05:31,$ 3458.94,100
3109,10:05:31,$ 3458.94,290
3110,10:05:31,$ 3458.94,100
3111,10:05:28,$ 3459.73,100
3112,10:05:22,$ 3461.5399,300
3113,10:05:22,$ 3458.82,190
3115,10:05:22,$ 3458.82,100
3116,10:05:22,$ 3460.00,100
3117,10:05:22,$ 3460.00,100
3118,10:05:18,$ 3460.815,100
3119,10:05:16,$ 3460.5125,100
3120,10:05:16,$ 3460.50,100
3121,10:05:12,$ 3460.0801,500
3122,10:05:09,$ 3460.59,100
3123,10:05:08,$ 3460.525,100
3124,10:05:03,$ 3461.9304,100
3125,10:05:03,$ 3461.01,100
3126,10:05:03,$ 3461.23,100
3127,10:05:03,$ 3461.23,100
3128,10:04:56,$ 3461.505,100
3129,10:04:54,$ 3461.49,100
3130,10:04:47,$ 3461.29,100
3131,10:04:46,$ 3461.29,100
3132,10:04:37,$ 3460.755,200
3133,10:04:36,$ 3460.595,100
3134,10:04:36,$ 3460.73,109
3136,10:04:36,$ 3460.73,109
3137,10:04:36,$ 3460.73,109
3138,10:04:36,$ 3460.73,109
3139,10:04:36,$ 3460.73,109
3140,10:04:35,$ 3460.73,100
3141,10:04:35,$ 3461.00,100
3142,10:04:35,$ 3460.73,109
3143,10:04:35,$ 3460.73,109
3144,10:04:35,$ 3461.00,100
3145,10:04:34,$ 3460.49,100
3146,10:04:29,$ 3460.30,300
3147,10:04:24,$ 3460.65,100
3148,10:04:22,$ 3460.38,100
3149,10:04:22,$ 3460.31,100
3150,10:04:21,$ 3460.40,100
3151,10:04:20,$ 3460.3801,100
3152,10:04:20,$ 3460.50,100
3153,10:04:20,$ 3460.415,200
3154,10:04:20,$ 3460.73,100
3155,10:04:20,$ 3460.73,100
3157,10:04:20,$ 3460.73,100
3158,10:04:20,$ 3460.73,100
3159,10:04:20,$ 3460.71,100
3160,10:04:12,$ 3460.74,200
3161,10:04:08,$ 3460.38,100
3162,10:04:08,$ 3460.76,100
3163,10:04:08,$ 3460.76,100
3164,10:04:08,$ 3460.98,100
3165,10:04:05,$ 3460.88,100
3166,10:04:04,$ 3460.87,100
3167,10:04:04,$ 3460.98,100
3168,10:04:04,$ 3460.41,100
3169,10:04:04,$ 3460.41,100
3170,10:04:04,$ 3460.25,100
3171,10:04:04,$ 3460.41,100
3172,10:04:04,$ 3460.07,380
3173,10:04:04,$ 3459.86,300
3174,10:04:04,$ 3459.40,100
3175,10:04:04,$ 3459.83,100
3176,10:04:04,$ 3459.42,100
3178,10:04:04,$ 3459.54,100
3179,10:04:04,$ 3459.56,100
3180,10:04:04,$ 3459.56,100
3181,10:04:04,$ 3459.57,100
3182,10:04:04,$ 3459.62,100
3183,10:04:04,$ 3458.96,100
3184,10:04:01,$ 3459.4274,400
3185,10:04:00,$ 3459.33,100
3186,10:04:00,$ 3458.955,100
3187,10:03:57,$ 3459.83,143
3188,10:03:55,$ 3459.655,100
3189,10:03:55,$ 3458.50,100
3190,10:03:55,$ 3459.41,100
3191,10:03:55,$ 3459.42,100
3192,10:03:55,$ 3459.85,400
3193,10:03:55,$ 3459.42,100
3194,10:03:54,$ 3460.28,100
3195,10:03:53,$ 3459.51,100
3196,10:03:53,$ 3459.47,100
3197,10:03:52,$ 3459.59,100
3199,10:03:52,$ 3459.59,127
3200,10:03:52,$ 3459.60,100
3201,10:03:46,$ 3460.745,200
3202,10:03:45,$ 3460.26,400
3203,10:03:45,$ 3460.05,318
3204,10:03:45,$ 3460.30,100
3205,10:03:45,$ 3459.33,154
3206,10:03:45,$ 3459.24,100
3207,10:03:44,$ 3460.00,100
3208,10:03:41,$ 3460.22,278
3209,10:03:38,$ 3459.91,100
3210,10:03:38,$ 3459.91,100
3211,10:03:36,$ 3460.4381,155
3212,10:03:35,$ 3459.70,100
3213,10:03:35,$ 3459.70,303
3214,10:03:35,$ 3459.70,109
3215,10:03:35,$ 3459.70,107
3216,10:03:33,$ 3459.70,100
3217,10:03:26,$ 3459.30,100
3218,10:03:26,$ 3459.30,100
3220,10:03:26,$ 3459.30,109
3221,10:03:26,$ 3459.30,109
3222,10:03:23,$ 3458.75,480
3223,10:03:22,$ 3458.735,100
3224,10:03:19,$ 3459.70,132
3225,10:03:19,$ 3459.70,264
3226,10:03:15,$ 3458.75,100
3227,10:03:15,$ 3458.995,152
3228,10:03:15,$ 3458.995,125
3229,10:03:13,$ 3458.155,100
3230,10:03:13,$ 3458.325,305
3231,10:03:13,$ 3458.89,100
3232,10:03:13,$ 3458.545,100
3233,10:03:13,$ 3458.155,267
3234,10:03:13,$ 3457.77,100
3235,10:03:13,$ 3457.77,100
3236,10:03:13,$ 3458.15,175
3237,10:02:58,$ 3457.76,100
3238,10:02:58,$ 3458.00,142
3239,10:02:58,$ 3458.00,100
3241,10:02:55,$ 3457.285,150
3242,10:02:47,$ 3456.39,100
3243,10:02:44,$ 3457.19,100
3244,10:02:44,$ 3455.73,100
3245,10:02:44,$ 3455.87,100
3246,10:02:44,$ 3455.02,100
3247,10:02:44,$ 3455.02,100
3248,10:02:44,$ 3454.97,100
3249,10:02:44,$ 3455.00,100
3250,10:02:44,$ 3455.12,400
3251,10:02:44,$ 3454.99,100
3252,10:02:36,$ 3454.78,100
3253,10:02:35,$ 3454.578,100
3254,10:02:33,$ 3454.06,400
3255,10:02:33,$ 3454.59,373
3256,10:02:33,$ 3454.58,400
3257,10:02:33,$ 3454.58,400
3258,10:02:32,$ 3454.455,107
3259,10:02:32,$ 3454.51,100
3260,10:02:32,$ 3453.70,198
3262,10:02:32,$ 3454.51,100
3263,10:02:32,$ 3454.46,100
3264,10:02:32,$ 3454.46,100
3265,10:02:28,$ 3453.56,100
3266,10:02:28,$ 3453.56,100
3267,10:02:28,$ 3453.645,100
3268,10:02:19,$ 3453.56,100
3269,10:02:18,$ 3453.36,100
3270,10:02:18,$ 3453.37,100
3271,10:02:11,$ 3452.84,100
3272,10:02:11,$ 3452.84,100
3273,10:02:10,$ 3453.9999,100
3274,10:02:04,$ 3452.8281,400
3275,10:02:00,$ 3452.73,100
3276,10:02:00,$ 3452.62,100
3277,10:02:00,$ 3453.05,100
3278,10:01:57,$ 3454.5399,400
3279,10:01:53,$ 3453.31,100
3280,10:01:50,$ 3453.42,100
3281,10:01:50,$ 3453.42,100
3283,10:01:49,$ 3454.11,100
3284,10:01:49,$ 3454.11,100
3285,10:01:48,$ 3454.13,100
3286,10:01:48,$ 3454.13,100
3287,10:01:48,$ 3454.11,109
3288,10:01:48,$ 3454.11,109
3289,10:01:35,$ 3453.33,100
3290,10:01:33,$ 3453.58,100
3291,10:01:33,$ 3454.11,100
3292,10:01:33,$ 3454.11,100
3293,10:01:33,$ 3454.11,100
3294,10:01:33,$ 3454.11,100
3295,10:01:30,$ 3453.9504,200
3296,10:01:23,$ 3453.33,206
3297,10:01:23,$ 3454.11,100
3298,10:01:23,$ 3453.72,100
3299,10:01:23,$ 3453.72,300
3300,10:01:23,$ 3454.11,100
3301,10:01:23,$ 3454.11,100
3302,10:01:23,$ 3454.11,109
3304,10:01:23,$ 3454.10,100
3305,10:01:20,$ 3453.0601,100
3306,10:01:20,$ 3453.26,109
3307,10:01:20,$ 3453.26,109
3308,10:01:20,$ 3453.08,301
3309,10:01:20,$ 3452.33,100
3310,10:01:18,$ 3452.94,100
3311,10:01:17,$ 3453.495,100
3312,10:01:17,$ 3453.495,200
3313,10:01:15,$ 3453.22,100
3314,10:01:15,$ 3453.22,100
3315,10:01:15,$ 3453.29,100
3316,10:01:09,$ 3451.0601,100
3317,10:01:05,$ 3453.22,100
3318,10:00:55,$ 3453.2563,100
3319,10:00:49,$ 3451.43,200
3320,10:00:45,$ 3452.57,100
3321,10:00:41,$ 3452.45,100
3322,10:00:39,$ 3452.25,100
3323,10:00:39,$ 3452.24,100
3325,10:00:39,$ 3452.10,100
3326,10:00:39,$ 3452.28,100
3327,10:00:39,$ 3452.92,100
3328,10:00:38,$ 3452.5989,113
3329,10:00:30,$ 3452.59,400
3330,10:00:30,$ 3452.58,100
3331,10:00:30,$ 3452.58,200
3332,10:00:30,$ 3452.58,100
3333,10:00:30,$ 3452.58,100
3334,10:00:30,$ 3453.06,100
3335,10:00:30,$ 3453.06,100
3336,10:00:30,$ 3452.58,109
3337,10:00:30,$ 3452.58,109
3338,10:00:30,$ 3452.58,100
3339,10:00:30,$ 3452.58,100
3340,10:00:30,$ 3452.58,100
3341,10:00:30,$ 3452.585,308
3342,10:00:30,$ 3453.07,400
3343,10:00:30,$ 3453.135,100
3344,10:00:30,$ 3453.145,100
3346,10:00:29,$ 3453.47,100
3347,10:00:28,$ 3453.075,100
3348,10:00:28,$ 3453.07,100
3349,10:00:28,$ 3453.07,100
3350,10:00:28,$ 3452.52,100
3351,10:00:28,$ 3452.58,100
3352,10:00:28,$ 3452.52,100
3353,10:00:28,$ 3452.58,100
3354,10:00:28,$ 3452.58,100
3355,10:00:28,$ 3452.58,100
3356,10:00:28,$ 3452.58,433
3357,10:00:28,$ 3452.58,109
3358,10:00:28,$ 3452.10,100
3359,10:00:26,$ 3453.165,100
3360,10:00:26,$ 3453.16,100
3361,10:00:25,$ 3453.00,100
3362,10:00:25,$ 3454.10,100
3363,10:00:23,$ 3452.1507,700
3364,10:00:22,$ 3453.1993,100
3365,10:00:19,$ 3452.5025,100
3367,10:00:18,$ 3453.26,100
3368,10:00:15,$ 3452.43,100
3369,10:00:12,$ 3453.08,100
3370,10:00:11,$ 3452.47,200
3371,10:00:10,$ 3452.48,109
3372,10:00:10,$ 3451.96,100
3373,10:00:10,$ 3452.27,100
3374,10:00:10,$ 3451.96,100
3375,10:00:09,$ 3452.62,100
3376,10:00:09,$ 3452.59,100
3377,10:00:08,$ 3452.71,100
3378,10:00:08,$ 3452.64,320
3379,10:00:08,$ 3453.2752,100
3380,10:00:07,$ 3452.61,100
3381,10:00:07,$ 3452.61,100
3382,10:00:07,$ 3452.94,100
3383,10:00:07,$ 3452.96,100
3384,10:00:07,$ 3452.96,100
3385,10:00:07,$ 3453.56,100
3386,10:00:07,$ 3452.96,100
3388,10:00:06,$ 3452.94,100
3389,10:00:06,$ 3453.75,100
3390,10:00:06,$ 3453.82,100
3391,10:00:06,$ 3453.83,100
3392,10:00:06,$ 3452.94,100
3393,10:00:06,$ 3452.94,100
3394,10:00:06,$ 3453.75,109
3395,10:00:06,$ 3453.75,109
3396,10:00:06,$ 3453.75,100
3397,10:00:06,$ 3453.75,100
3398,10:00:06,$ 3453.75,100
3399,10:00:06,$ 3452.9875,100
3400,10:00:05,$ 3452.91,100
3401,10:00:05,$ 3452.86,200
3402,10:00:05,$ 3452.85,100
3403,10:00:05,$ 3452.85,100
3404,10:00:04,$ 3453.15,100
3405,10:00:04,$ 3452.59,100
3406,10:00:04,$ 3453.295,103
3407,10:00:04,$ 3452.63,100
3409,10:00:04,$ 3453.125,100
3410,10:00:03,$ 3452.59,100
3411,10:00:03,$ 3453.07,100
3412,10:00:03,$ 3453.12,100
3414,10:59:42,$ 3452.26,100
3415,10:59:36,$ 3452.001,100
3416,10:59:30,$ 3452.0438,100
3417,10:59:30,$ 3451.88,100
3418,10:59:19,$ 3452.3205,180
3419,10:59:05,$ 3451.69,100
3420,10:58:56,$ 3452.6075,100
3421,10:58:52,$ 3452.52,100
3422,10:58:52,$ 3452.52,109
3423,10:58:52,$ 3452.52,109
3424,10:58:52,$ 3452.52,100
3425,10:58:52,$ 3452.52,100
3426,10:58:29,$ 3451.48,500
3427,10:58:29,$ 3451.80,100
3428,10:58:12,$ 3452.43,100
3429,10:58:03,$ 3452.81,100
3430,10:58:02,$ 3452.155,100
3431,10:58:02,$ 3452.155,100
3432,10:58:02,$ 3452.155,100
3433,10:58:02,$ 3452.155,100
3435,10:58:02,$ 3452.78,100
3436,10:57:50,$ 3452.41,250
3437,10:57:22,$ 3450.99,200
3438,10:57:17,$ 3451.77,100
3439,10:57:00,$ 3451.60,100
3440,10:57:00,$ 3451.50,100
3441,10:56:47,$ 3451.15,100
3442,10:56:47,$ 3451.91,100
3443,10:56:44,$ 3451.485,100
3444,10:56:27,$ 3451.00,100
3445,10:56:27,$ 3450.95,100
3446,10:56:05,$ 3448.6621,100
3447,10:55:14,$ 3449.05,100
3448,10:54:26,$ 3450.57,100
3449,10:54:26,$ 3451.13,100
3450,10:54:01,$ 3449.62,100
3451,10:53:49,$ 3450.22,300
3452,10:53:49,$ 3450.22,100
3453,10:53:40,$ 3450.22,300
3454,10:52:55,$ 3451.02,100
3456,10:52:47,$ 3450.72,100
3457,10:52:47,$ 3450.72,100
3458,10:52:14,$ 3450.21,164
3459,10:52:08,$ 3450.00,100
3460,10:51:59,$ 3448.40,100
3461,10:51:59,$ 3448.22,100
3462,10:51:47,$ 3448.615,100
3463,10:51:45,$ 3447.44,100
3464,10:51:36,$ 3447.29,100
3465,10:51:28,$ 3447.73,100
3466,10:51:28,$ 3447.73,200
3467,10:50:44,$ 3446.4765,639
3468,10:50:44,$ 3446.9208,100
3469,10:50:44,$ 3446.5851,100
3470,10:50:44,$ 3446.58,100
3471,10:50:44,$ 3446.60,100
3472,10:50:39,$ 3447.02,100
3473,10:50:29,$ 3447.01,100
3474,10:50:27,$ 3446.29,100
3475,10:50:15,$ 3447.34,100
3477,10:50:15,$ 3447.34,100
3478,10:50:15,$ 3447.51,100
3479,10:50:15,$ 3447.58,100
3480,10:50:15,$ 3447.58,100
3481,10:50:15,$ 3448.60,100
3482,10:50:15,$ 3448.56,100
3483,10:50:15,$ 3448.55,100
3484,10:50:15,$ 3448.55,100
3485,10:50:15,$ 3448.52,100
3486,10:50:15,$ 3448.55,100
3487,10:50:14,$ 3448.55,100
3488,10:50:14,$ 3448.56,100
3489,10:50:14,$ 3448.50,100
3490,10:50:14,$ 3448.50,100
3491,10:50:14,$ 3448.50,100
3492,10:50:14,$ 3448.46,100
3493,10:50:06,$ 3448.57,100
3494,10:50:06,$ 3448.73,100
3495,10:50:05,$ 3448.35,100
3496,10:50:02,$ 3448.82,100
3498,10:50:02,$ 3448.79,100
3499,10:49:32,$ 3449.465,100
3500,10:49:28,$ 3449.27,100
3501,10:49:25,$ 3449.88,100
3502,10:48:09,$ 3449.08,100
3503,10:48:01,$ 3448.65,100
3504,10:47:43,$ 3448.90,300
3505,10:47:20,$ 3450.305,100
3506,10:47:11,$ 3449.79,100
3507,10:47:11,$ 3449.78,100
3508,10:46:58,$ 3447.9701,100
3509,10:46:35,$ 3448.215,100
3510,10:46:32,$ 3448.0769,176
3511,10:46:32,$ 3448.0769,113
3512,10:46:32,$ 3447.882,100
3513,10:46:32,$ 3448.33,100
3514,10:46:32,$ 3448.38,100
3515,10:46:23,$ 3447.56,100
3516,10:46:18,$ 3448.195,500
3517,10:46:03,$ 3448.59,500
3519,10:45:54,$ 3448.1793,603
3520,10:45:35,$ 3448.92,100
3521,10:45:35,$ 3448.86,100
3522,10:45:35,$ 3448.82,100
3523,10:45:35,$ 3448.82,100
3524,10:45:35,$ 3448.72,100
3525,10:45:35,$ 3448.62,100
3526,10:45:22,$ 3449.19,100
3527,10:45:21,$ 3449.26,100
3528,10:45:21,$ 3448.94,100
3529,10:45:21,$ 3448.75,243
3530,10:45:17,$ 3448.0766,694
3531,10:45:17,$ 3448.0401,500
3532,10:45:00,$ 3451.02,200
3533,10:45:00,$ 3451.00,178
3534,10:44:46,$ 3451.9284,218
3535,10:44:46,$ 3452.25,100
3536,10:44:44,$ 3452.01,100
3537,10:44:41,$ 3452.755,"1,000"
3538,10:44:37,$ 3452.385,100
3540,10:44:35,$ 3452.781,191
3541,10:44:35,$ 3453.34,100
3542,10:44:35,$ 3452.75,100
3543,10:44:35,$ 3452.879,100
3544,10:44:35,$ 3452.83,100
3545,10:44:35,$ 3452.88,100
3546,10:44:35,$ 3452.797,200
3547,10:44:35,$ 3452.25,100
3548,10:44:35,$ 3452.25,100
3549,10:44:29,$ 3452.02,100
3550,10:44:26,$ 3451.89,101
3551,10:43:44,$ 3450.585,100
3552,10:43:44,$ 3450.8902,289
3553,10:43:44,$ 3451.19,100
3554,10:43:34,$ 3451.63,200
3555,10:43:22,$ 3451.40,100
3556,10:43:06,$ 3451.0885,100
3557,10:42:56,$ 3450.55,100
3558,10:42:55,$ 3451.42,100
3559,10:42:52,$ 3451.2702,815
3561,10:42:47,$ 3450.885,100
3562,10:42:46,$ 3450.0001,400
3563,10:42:46,$ 3450.19,100
3564,10:42:32,$ 3449.9266,100
3565,10:42:27,$ 3449.74,100
3566,10:42:27,$ 3449.56,100
3567,10:41:49,$ 3448.40,100
3568,10:41:45,$ 3449.28,100
3569,10:41:37,$ 3448.94,100
3570,10:41:34,$ 3448.94,100
3571,10:41:04,$ 3447.99,100
3572,10:40:58,$ 3448.94,100
3573,10:40:37,$ 3447.02,100
3574,10:40:35,$ 3447.01,101
3575,10:40:20,$ 3447.62,326
3576,10:40:10,$ 3447.63,500
3577,10:40:09,$ 3447.22,100
3578,10:40:07,$ 3447.118,100
3579,10:40:04,$ 3447.19,100
3580,10:40:00,$ 3446.00,100
3582,10:40:00,$ 3446.11,100
3583,10:39:59,$ 3447.62,172
3584,10:39:59,$ 3447.59,100
3585,10:39:41,$ 3449.79,100
3586,10:39:07,$ 3451.32,100
3587,10:39:07,$ 3451.32,100
3588,10:39:06,$ 3451.93,100
3589,10:39:05,$ 3450.92,100
3590,10:39:01,$ 3450.23,100
3591,10:39:01,$ 3450.23,100
3592,10:39:01,$ 3450.23,100
3593,10:38:52,$ 3450.075,"7,900"
3594,10:38:52,$ 3450.18,"15,700"
3595,10:38:32,$ 3449.75,225
3596,10:38:16,$ 3449.54,100
3597,10:38:16,$ 3449.54,100
3598,10:37:50,$ 3448.56,100
3599,10:37:50,$ 3448.56,100
3600,10:37:50,$ 3447.77,100
3601,10:37:35,$ 3447.02,100
3603,10:37:32,$ 3448.18,109
3604,10:37:28,$ 3449.68,100
3605,10:37:16,$ 3449.69,100
3606,10:37:15,$ 3449.69,100
3607,10:37:14,$ 3449.71,100
3608,10:37:14,$ 3450.10,100
3609,10:37:08,$ 3450.03,100
3610,10:37:08,$ 3450.03,100
3611,10:36:42,$ 3450.52,100
3612,10:36:36,$ 3450.91,100
3613,10:36:36,$ 3450.91,100
3614,10:36:36,$ 3450.80,100
3615,10:36:20,$ 3450.91,100
3616,10:35:54,$ 3453.036,137
3617,10:35:52,$ 3453.36,100
3618,10:35:49,$ 3452.89,101
3619,10:35:49,$ 3452.89,109
3620,10:35:49,$ 3452.90,100
3621,10:35:40,$ 3452.875,100
3622,10:35:33,$ 3453.55,100
3624,10:35:29,$ 3452.95,100
3625,10:35:29,$ 3452.96,100
3626,10:35:29,$ 3453.02,100
3627,10:35:21,$ 3451.9501,300
3628,10:35:11,$ 3452.30,500
3629,10:35:10,$ 3452.00,100
3630,10:34:42,$ 3452.43,"1,000"
3631,10:34:37,$ 3453.1493,195
3632,10:34:33,$ 3452.26,100
3633,10:34:30,$ 3452.20,100
3634,10:34:30,$ 3452.20,100
3635,10:34:23,$ 3451.86,170
3636,10:34:15,$ 3451.28,100
3637,10:34:15,$ 3451.585,100
3638,10:34:05,$ 3450.8354,100
3639,10:33:57,$ 3450.33,100
3640,10:33:55,$ 3450.55,100
3641,10:33:41,$ 3450.26,100
3642,10:33:25,$ 3451.57,100
3643,10:33:21,$ 3451.00,100
3645,10:33:21,$ 3451.77,400
3646,10:33:21,$ 3451.77,100
3647,10:33:21,$ 3452.00,100
3648,10:33:21,$ 3452.25,100
3649,10:33:18,$ 3452.235,100
3650,10:33:13,$ 3451.77,100
3651,10:33:13,$ 3451.375,100
3652,10:33:13,$ 3451.75,100
3653,10:33:13,$ 3451.58,300
3654,10:33:09,$ 3451.00,100
3655,10:33:02,$ 3450.93,500
3656,10:32:57,$ 3450.21,100
3657,10:32:57,$ 3450.68,"5,600"
3658,10:32:50,$ 3450.545,120
3659,10:32:50,$ 3450.545,100
3660,10:32:44,$ 3450.45,100
3661,10:32:41,$ 3450.49,100
3662,10:32:39,$ 3451.2499,100
3663,10:32:36,$ 3450.84,100
3664,10:32:34,$ 3450.04,260
3666,10:32:31,$ 3450.21,100
3667,10:32:31,$ 3450.17,200
3668,10:32:31,$ 3450.91,200
3669,10:32:28,$ 3451.35,200
3670,10:32:28,$ 3451.28,200
3671,10:32:11,$ 3451.275,100
3672,10:32:11,$ 3450.59,400
3673,10:32:07,$ 3450.6082,100
3674,10:32:06,$ 3451.00,100
3675,10:32:03,$ 3451.215,100
3676,10:32:03,$ 3451.215,100
3677,10:32:03,$ 3451.77,100
3678,10:32:02,$ 3451.99,100
3679,10:32:02,$ 3450.45,100
3680,10:32:02,$ 3451.30,100
3681,10:32:02,$ 3451.35,100
3682,10:32:01,$ 3450.45,100
3683,10:32:00,$ 3450.545,100
3684,10:32:00,$ 3450.45,100
3685,10:32:00,$ 3451.52,100
3687,10:32:00,$ 3450.45,100
3688,10:31:54,$ 3450.36,100
3689,10:31:52,$ 3450.0317,100
3690,10:31:44,$ 3449.26,100
3691,10:31:41,$ 3447.70,121
3692,10:31:31,$ 3448.78,100
3693,10:31:21,$ 3447.775,500
3694,10:31:14,$ 3448.56,100
3695,10:31:10,$ 3447.94,100
3696,10:31:08,$ 3447.42,100
3697,10:31:08,$ 3446.855,100
3698,10:31:03,$ 3446.8526,526
3699,10:31:01,$ 3447.86,100
3700,10:30:38,$ 3446.2638,250
3701,10:30:36,$ 3447.12,104
3702,10:30:36,$ 3446.15,290
3703,10:30:34,$ 3446.78,500
3704,10:30:24,$ 3446.59,100
3705,10:30:18,$ 3446.5839,100
3706,10:30:16,$ 3446.94,400
3708,11:29:34,$ 3454.95,200
3709,11:29:24,$ 3455.31,100
3710,11:29:24,$ 3455.00,227
3711,11:29:24,$ 3454.96,100
3712,11:28:45,$ 3454.55,100
3713,11:28:34,$ 3454.41,100
3714,11:28:34,$ 3454.63,100
3715,11:28:34,$ 3454.63,305
3716,11:28:30,$ 3454.03,100
3717,11:28:30,$ 3454.41,100
3718,11:28:30,$ 3455.06,100
3719,11:28:20,$ 3455.09,100
3720,11:28:11,$ 3455.19,100
3721,11:28:11,$ 3455.13,100
3722,11:28:11,$ 3455.14,100
3723,11:27:53,$ 3456.1599,100
3724,11:27:48,$ 3455.64,104
3725,11:27:24,$ 3454.97,100
3726,11:27:14,$ 3455.12,100
3727,11:27:14,$ 3455.26,100
3729,11:27:07,$ 3455.33,100
3730,11:27:05,$ 3455.75,300
3731,11:26:43,$ 3454.0234,151
3732,11:26:40,$ 3454.725,100
3733,11:26:25,$ 3454.85,250
3734,11:26:09,$ 3454.85,100
3735,11:25:49,$ 3456.265,100
3736,11:25:47,$ 3456.36,100
3737,11:25:36,$ 3455.84,100
3738,11:25:32,$ 3455.97,100
3739,11:25:17,$ 3456.6619,100
3740,11:25:14,$ 3456.38,250
3741,11:25:09,$ 3455.79,100
3742,11:25:07,$ 3456.245,100
3743,11:25:04,$ 3456.275,200
3744,11:25:04,$ 3456.014,100
3745,11:25:02,$ 3456.33,117
3746,11:25:01,$ 3456.43,100
3747,11:24:52,$ 3455.72,100
3748,11:24:50,$ 3456.365,200
3750,11:24:50,$ 3457.0099,100
3751,11:24:47,$ 3456.00,100
3752,11:24:42,$ 3456.37,100
3753,11:24:39,$ 3455.51,100
3754,11:24:36,$ 3455.25,100
3755,11:24:30,$ 3455.64,100
3756,11:24:04,$ 3454.315,500
3757,11:23:56,$ 3454.11,100
3758,11:23:55,$ 3454.15,100
3759,11:23:55,$ 3454.17,100
3760,11:23:54,$ 3454.19,100
3761,11:23:54,$ 3454.20,100
3762,11:23:54,$ 3454.20,100
3763,11:23:54,$ 3454.20,100
3764,11:23:54,$ 3454.20,100
3765,11:23:54,$ 3454.16,100
3766,11:23:54,$ 3454.74,100
3767,11:23:54,$ 3455.12,100
3768,11:23:54,$ 3455.25,100
3769,11:23:54,$ 3456.04,100
3771,11:23:52,$ 3456.43,200
3772,11:23:51,$ 3456.425,100
3773,11:23:47,$ 3456.02,100
3774,11:23:47,$ 3456.33,100
3775,11:23:47,$ 3456.33,100
3776,11:23:47,$ 3456.34,109
3777,11:23:47,$ 3456.34,109
3778,11:23:47,$ 3456.33,109
3779,11:23:47,$ 3456.34,109
3780,11:23:46,$ 3456.58,500
3781,11:23:41,$ 3456.34,100
3782,11:23:38,$ 3456.00,110
3783,11:23:38,$ 3455.62,100
3784,11:23:28,$ 3454.52,100
3785,11:23:26,$ 3455.20,100
3786,11:23:26,$ 3455.00,100
3787,11:23:26,$ 3455.02,100
3788,11:23:26,$ 3455.02,100
3789,11:23:26,$ 3455.31,200
3790,11:23:16,$ 3454.10,100
3792,11:23:04,$ 3454.12,200
3793,11:23:03,$ 3454.00,179
3794,11:23:03,$ 3454.03,100
3795,11:23:03,$ 3454.085,200
3796,11:23:03,$ 3454.00,100
3797,11:23:03,$ 3454.068,100
3798,11:23:03,$ 3454.12,142
3799,11:23:03,$ 3454.06,148
3800,11:23:02,$ 3454.00,100
3801,11:23:02,$ 3454.00,100
3802,11:23:00,$ 3453.36,100
3803,11:22:56,$ 3454.01,380
3804,11:22:53,$ 3454.49,100
3805,11:22:53,$ 3454.49,100
3806,11:22:46,$ 3452.68,100
3807,11:22:46,$ 3453.59,100
3808,11:22:45,$ 3454.145,100
3809,11:22:45,$ 3453.698,100
3810,11:22:45,$ 3453.63,100
3811,11:22:44,$ 3454.04,100
3813,11:22:44,$ 3454.08,100
3814,11:22:44,$ 3454.08,100
3815,11:22:43,$ 3454.0477,100
3816,11:22:41,$ 3453.98,100
3817,11:22:37,$ 3453.37,100
3818,11:22:34,$ 3453.455,100
3819,11:22:34,$ 3453.415,100
3820,11:22:34,$ 3453.415,164
3821,11:22:34,$ 3453.78,100
3822,11:22:29,$ 3453.04,100
3823,11:22:28,$ 3453.04,100
3824,11:22:26,$ 3452.43,100
3825,11:22:26,$ 3452.615,100
3826,11:22:17,$ 3452.50,100
3827,11:22:17,$ 3452.39,100
3828,11:22:10,$ 3452.04,100
3829,11:22:04,$ 3452.175,100
3830,11:22:03,$ 3452.17,109
3831,11:22:03,$ 3452.17,109
3832,11:21:57,$ 3452.075,100
3834,11:21:51,$ 3451.4645,135
3835,11:21:50,$ 3451.89,100
3836,11:21:50,$ 3451.775,100
3837,11:21:47,$ 3451.64,200
3838,11:21:02,$ 3451.26,100
3839,11:21:01,$ 3451.68,100
3840,11:21:01,$ 3451.69,100
3841,11:21:01,$ 3451.65,100
3842,11:21:01,$ 3451.65,100
3843,11:20:54,$ 3451.65,110
3844,11:20:54,$ 3451.65,100
3845,11:20:53,$ 3451.635,100
3846,11:20:52,$ 3451.34,100
3847,11:20:51,$ 3451.60,100
3848,11:20:42,$ 3451.65,100
3849,11:20:41,$ 3451.55,100
3850,11:20:20,$ 3450.495,201
3851,11:19:57,$ 3450.9899,"1,067"
3852,11:19:35,$ 3449.86,100
3853,11:19:26,$ 3449.495,100
3855,11:18:12,$ 3449.09,100
3856,11:17:09,$ 3451.32,100
3857,11:17:03,$ 3451.655,100
3858,11:17:01,$ 3451.665,200
3859,11:16:56,$ 3451.65,100
3860,11:16:54,$ 3451.65,113
3861,11:16:31,$ 3450.38,100
3862,11:16:02,$ 3450.02,163
3863,11:15:14,$ 3450.24,100
3864,11:14:45,$ 3451.06,100
3865,11:14:45,$ 3450.65,100
3866,11:14:45,$ 3451.11,100
3867,11:14:45,$ 3450.96,200
3868,11:14:44,$ 3450.6325,100
3869,11:14:41,$ 3450.17,100
3870,11:13:56,$ 3450.0901,100
