,NLS Time (ET),NLS Price,NLS Share Volume
1,09:59:54,$ 3177.70,100
2,09:59:54,$ 3176.7475,400
3,09:59:47,$ 3174.50,499
4,09:59:41,$ 3174.0631,100
5,09:59:34,$ 3174.025,400
6,09:59:04,$ 3174.94,"1,900"
7,09:59:04,$ 3174.29,100
8,09:59:04,$ 3174.44,100
9,09:58:41,$ 3174.43,100
10,09:58:35,$ 3173.325,100
11,09:58:31,$ 3174.85,100
12,09:58:23,$ 3177.1507,240
13,09:58:15,$ 3177.99,100
14,09:57:56,$ 3174.38,191
15,09:57:56,$ 3174.0688,100
16,09:57:56,$ 3173.99,185
17,09:57:55,$ 3174.62,100
18,09:57:54,$ 3174.93,100
19,09:57:54,$ 3175.76,100
20,09:57:54,$ 3174.70,100
22,09:57:53,$ 3174.83,100
23,09:57:47,$ 3176.63,100
24,09:57:47,$ 3176.64,100
25,09:57:47,$ 3175.74,100
26,09:57:44,$ 3176.955,100
27,09:57:44,$ 3177.95,100
28,09:57:43,$ 3176.96,100
29,09:57:43,$ 3177.88,100
30,09:57:37,$ 3176.88,100
31,09:57:34,$ 3175.22,100
32,09:57:34,$ 3174.76,100
33,09:57:34,$ 3176.60,100
34,09:57:33,$ 3174.9528,100
35,09:57:04,$ 3176.2676,266
36,09:57:04,$ 3176.2676,133
37,09:56:55,$ 3175.00,100
38,09:56:51,$ 3176.00,100
39,09:56:51,$ 3176.00,100
40,09:56:41,$ 3175.5109,199
41,09:56:36,$ 3175.785,100
43,09:56:20,$ 3175.6138,150
44,09:56:15,$ 3175.30,102
45,09:56:12,$ 3175.3801,400
46,09:56:07,$ 3176.67,400
47,09:56:05,$ 3177.94,100
48,09:56:01,$ 3177.68,100
49,09:56:01,$ 3177.813,"1,000"
50,09:55:57,$ 3175.1684,100
51,09:55:52,$ 3176.365,100
52,09:55:51,$ 3178.89,260
53,09:55:49,$ 3177.82,100
54,09:55:49,$ 3177.43,100
55,09:55:49,$ 3176.89,100
56,09:55:49,$ 3178.88,308
57,09:55:49,$ 3177.82,100
58,09:55:49,$ 3177.80,100
59,09:55:49,$ 3177.82,100
60,09:55:49,$ 3177.82,100
61,09:55:45,$ 3177.42,100
62,09:55:41,$ 3176.74,100
64,09:55:30,$ 3174.6946,"1,000"
65,09:55:24,$ 3175.065,353
66,09:55:16,$ 3176.301,100
67,09:55:15,$ 3172.34,314
68,09:54:57,$ 3174.00,100
69,09:54:56,$ 3174.0001,200
70,09:54:46,$ 3174.51,100
71,09:54:46,$ 3173.29,100
72,09:54:46,$ 3172.7345,400
73,09:54:45,$ 3173.155,100
74,09:54:45,$ 3173.115,100
75,09:54:43,$ 3173.9899,200
76,09:54:41,$ 3173.27,100
77,09:54:34,$ 3174.425,100
78,09:54:33,$ 3174.825,100
79,09:54:27,$ 3174.12,100
80,09:54:16,$ 3175.00,100
81,09:54:16,$ 3174.381,100
82,09:54:16,$ 3174.99,100
83,09:54:15,$ 3172.0101,300
85,09:54:14,$ 3174.99,100
86,09:54:13,$ 3174.87,103
87,09:54:13,$ 3174.87,100
88,09:54:10,$ 3175.00,400
89,09:54:10,$ 3174.79,100
90,09:54:10,$ 3174.80,100
91,09:54:10,$ 3174.78,100
92,09:54:09,$ 3174.60,100
93,09:54:08,$ 3174.19,100
94,09:54:06,$ 3174.60,100
95,09:53:58,$ 3171.415,200
96,09:53:55,$ 3171.2116,250
97,09:53:52,$ 3172.2976,255
98,09:53:52,$ 3172.2976,164
99,09:53:52,$ 3170.969,265
100,09:53:52,$ 3170.04,100
101,09:53:52,$ 3170.03,100
102,09:53:52,$ 3170.53,100
103,09:53:51,$ 3169.508,100
104,09:53:37,$ 3167.925,500
106,09:53:36,$ 3169.84,100
107,09:53:36,$ 3167.93,500
108,09:53:32,$ 3169.35,100
109,09:53:32,$ 3169.35,100
110,09:53:27,$ 3170.58,100
111,09:53:25,$ 3170.10,250
112,09:53:25,$ 3170.10,100
113,09:53:24,$ 3169.5438,100
114,09:53:23,$ 3170.86,100
115,09:53:19,$ 3171.076,100
116,09:53:19,$ 3171.078,100
117,09:53:18,$ 3171.587,100
118,09:53:10,$ 3168.9913,250
119,09:53:03,$ 3168.5399,115
120,09:52:59,$ 3166.7471,500
121,09:52:57,$ 3168.5163,110
122,09:52:53,$ 3167.3897,"1,000"
123,09:52:52,$ 3166.53,100
124,09:52:52,$ 3166.54,100
125,09:52:49,$ 3165.72,100
127,09:52:49,$ 3165.725,100
128,09:52:49,$ 3165.725,100
129,09:52:49,$ 3165.725,100
130,09:52:49,$ 3165.725,100
131,09:52:49,$ 3165.76,100
132,09:52:48,$ 3165.00,120
133,09:52:48,$ 3165.865,100
134,09:52:44,$ 3165.895,100
135,09:52:44,$ 3165.00,315
136,09:52:43,$ 3166.2489,500
137,09:52:41,$ 3166.13,100
138,09:52:34,$ 3167.1825,100
139,09:52:28,$ 3168.23,100
140,09:52:25,$ 3168.915,100
141,09:52:22,$ 3169.14,200
142,09:52:21,$ 3171.1182,500
143,09:52:20,$ 3171.835,100
144,09:52:19,$ 3171.833,500
145,09:52:11,$ 3172.095,100
146,09:52:11,$ 3172.00,100
148,09:52:10,$ 3170.865,500
149,09:52:09,$ 3170.3703,100
150,09:52:06,$ 3170.98,100
151,09:52:01,$ 3168.95,100
152,09:52:01,$ 3168.6252,315
153,09:52:01,$ 3168.83,100
154,09:52:00,$ 3168.86,100
155,09:51:53,$ 3167.95,100
156,09:51:51,$ 3166.70,100
157,09:51:50,$ 3168.02,100
158,09:51:49,$ 3166.02,200
159,09:51:41,$ 3167.83,100
160,09:51:39,$ 3167.00,100
161,09:51:39,$ 3166.18,750
162,09:51:30,$ 3169.57,100
163,09:51:29,$ 3167.62,138
164,09:51:29,$ 3167.62,510
165,09:51:29,$ 3169.42,100
166,09:51:29,$ 3169.18,100
167,09:51:25,$ 3168.49,100
169,09:51:25,$ 3168.17,100
170,09:51:22,$ 3169.075,100
171,09:51:22,$ 3169.075,"1,000"
172,09:51:22,$ 3168.65,100
173,09:51:20,$ 3169.92,100
174,09:51:02,$ 3167.601,100
175,09:51:01,$ 3166.40,100
176,09:51:00,$ 3166.00,100
177,09:50:58,$ 3168.47,100
178,09:50:58,$ 3167.98,100
179,09:50:57,$ 3165.895,500
180,09:50:47,$ 3166.31,100
181,09:50:47,$ 3165.267,293
182,09:50:47,$ 3165.267,101
183,09:50:47,$ 3165.267,106
184,09:50:46,$ 3166.3399,500
185,09:50:39,$ 3166.60,100
186,09:50:39,$ 3168.28,100
187,09:50:37,$ 3168.3299,291
188,09:50:35,$ 3167.4685,500
190,09:50:34,$ 3167.42,100
191,09:50:34,$ 3166.50,100
192,09:50:21,$ 3168.76,100
193,09:50:15,$ 3166.39,100
194,09:50:15,$ 3166.33,100
195,09:50:15,$ 3166.80,125
196,09:50:14,$ 3165.18,100
197,09:50:14,$ 3165.43,100
198,09:50:14,$ 3166.485,100
199,09:50:12,$ 3167.01,100
200,09:49:57,$ 3164.93,100
201,09:49:57,$ 3164.935,100
202,09:49:57,$ 3164.955,100
203,09:49:54,$ 3165.25,152
204,09:49:46,$ 3164.99,100
205,09:49:44,$ 3163.08,100
206,09:49:42,$ 3163.00,100
207,09:49:42,$ 3163.00,100
208,09:49:40,$ 3163.10,100
209,09:49:39,$ 3163.85,100
211,09:49:30,$ 3163.07,200
212,09:49:29,$ 3164.12,100
213,09:49:26,$ 3164.02,150
214,09:49:26,$ 3163.96,100
215,09:49:25,$ 3164.06,100
216,09:49:20,$ 3164.555,100
217,09:49:20,$ 3164.8397,300
218,09:49:19,$ 3163.6534,254
219,09:49:16,$ 3166.1399,757
220,09:49:12,$ 3165.52,100
221,09:49:08,$ 3163.01,100
222,09:49:08,$ 3163.30,100
223,09:49:08,$ 3163.33,100
224,09:49:05,$ 3164.60,100
225,09:49:04,$ 3163.6941,100
226,09:49:00,$ 3164.54,100
227,09:48:58,$ 3163.18,100
228,09:48:55,$ 3164.00,100
229,09:48:49,$ 3162.16,100
230,09:48:49,$ 3163.165,200
232,09:48:48,$ 3162.10,100
233,09:48:48,$ 3163.57,"1,000"
234,09:48:47,$ 3163.39,199
235,09:48:47,$ 3163.60,"1,000"
236,09:48:47,$ 3163.48,100
237,09:48:47,$ 3163.60,100
238,09:48:47,$ 3163.60,100
239,09:48:47,$ 3163.60,100
240,09:48:46,$ 3164.34,"1,000"
241,09:48:42,$ 3164.10,250
242,09:48:42,$ 3163.48,100
243,09:48:39,$ 3166.69,200
244,09:48:39,$ 3165.6001,788
245,09:48:38,$ 3166.17,100
246,09:48:38,$ 3167.135,300
247,09:48:38,$ 3166.6001,100
248,09:48:38,$ 3166.6001,100
249,09:48:38,$ 3166.6001,100
250,09:48:38,$ 3166.6001,100
251,09:48:37,$ 3167.57,100
253,09:48:37,$ 3167.565,"1,000"
254,09:48:26,$ 3167.96,100
255,09:48:25,$ 3166.9165,874
256,09:48:25,$ 3166.9165,126
257,09:48:25,$ 3166.916,"1,000"
258,09:48:23,$ 3166.43,100
259,09:48:23,$ 3166.96,100
260,09:48:23,$ 3167.01,100
261,09:48:23,$ 3168.48,100
262,09:48:23,$ 3168.48,100
263,09:48:23,$ 3169.551,250
264,09:48:19,$ 3168.48,100
265,09:48:10,$ 3168.54,100
266,09:48:08,$ 3168.06,100
267,09:48:06,$ 3169.62,300
268,09:48:05,$ 3168.67,100
269,09:47:57,$ 3170.02,130
270,09:47:52,$ 3171.57,100
271,09:47:52,$ 3170.65,100
272,09:47:50,$ 3169.465,100
274,09:47:50,$ 3171.1899,"1,000"
275,09:47:50,$ 3167.72,315
276,09:47:50,$ 3167.72,193
277,09:47:50,$ 3169.76,100
278,09:47:50,$ 3169.72,100
279,09:47:50,$ 3169.63,100
280,09:47:50,$ 3169.56,100
281,09:47:50,$ 3170.06,100
282,09:47:50,$ 3170.26,100
283,09:47:50,$ 3170.13,100
284,09:47:50,$ 3170.22,100
285,09:47:40,$ 3168.9494,"1,000"
286,09:47:38,$ 3169.29,100
287,09:47:27,$ 3165.01,400
288,09:47:26,$ 3165.17,100
289,09:47:26,$ 3165.13,400
290,09:47:26,$ 3165.57,400
291,09:47:26,$ 3165.13,100
292,09:47:26,$ 3165.17,100
293,09:47:21,$ 3166.78,100
295,09:47:09,$ 3166.699,100
296,09:46:56,$ 3170.00,100
297,09:46:55,$ 3170.01,100
298,09:46:52,$ 3170.01,400
299,09:46:52,$ 3170.01,400
300,09:46:52,$ 3170.00,224
301,09:46:52,$ 3170.01,176
302,09:46:44,$ 3170.005,200
303,09:46:44,$ 3170.4675,187
304,09:46:44,$ 3170.4675,100
305,09:46:34,$ 3170.78,100
306,09:46:33,$ 3170.00,200
307,09:46:28,$ 3168.28,100
308,09:46:28,$ 3167.97,125
309,09:46:26,$ 3167.77,100
310,09:46:26,$ 3167.77,100
311,09:46:26,$ 3168.8066,150
312,09:46:25,$ 3167.81,190
313,09:46:25,$ 3167.7701,100
314,09:46:25,$ 3168.405,100
316,09:46:24,$ 3169.8399,100
317,09:46:22,$ 3168.98,100
318,09:46:22,$ 3169.27,100
319,09:46:22,$ 3168.00,100
320,09:46:19,$ 3169.00,100
321,09:46:18,$ 3169.2435,124
322,09:46:18,$ 3169.2435,315
323,09:46:17,$ 3169.7063,"1,000"
324,09:46:16,$ 3170.38,280
325,09:46:08,$ 3170.91,100
326,09:46:08,$ 3171.66,100
327,09:46:08,$ 3172.00,100
328,09:46:02,$ 3171.02,280
329,09:45:59,$ 3171.955,100
330,09:45:53,$ 3171.32,100
331,09:45:53,$ 3171.56,100
332,09:45:51,$ 3172.00,175
333,09:45:51,$ 3173.7252,100
334,09:45:44,$ 3175.30,100
335,09:45:44,$ 3174.64,400
337,09:45:44,$ 3174.64,400
338,09:45:43,$ 3175.03,100
339,09:45:43,$ 3175.55,100
340,09:45:43,$ 3175.03,100
341,09:45:43,$ 3175.01,110
342,09:45:43,$ 3175.03,100
343,09:45:43,$ 3175.59,100
344,09:45:43,$ 3175.62,100
345,09:45:42,$ 3175.23,100
346,09:45:42,$ 3177.99,100
347,09:45:42,$ 3177.43,100
348,09:45:42,$ 3177.46,100
349,09:45:42,$ 3177.43,100
350,09:45:42,$ 3177.48,100
351,09:45:42,$ 3177.63,100
352,09:45:42,$ 3177.96,300
353,09:45:32,$ 3180.00,"1,800"
354,09:45:32,$ 3180.00,100
355,09:45:32,$ 3180.00,100
356,09:45:25,$ 3180.525,100
358,09:45:24,$ 3179.22,100
359,09:45:22,$ 3180.03,100
360,09:45:20,$ 3181.25,200
361,09:45:16,$ 3180.4157,100
362,09:45:11,$ 3182.16,100
363,09:45:11,$ 3182.01,100
364,09:45:11,$ 3180.0101,100
365,09:45:04,$ 3180.00,100
366,09:45:00,$ 3177.87,100
367,09:44:54,$ 3175.91,100
368,09:44:52,$ 3176.44,100
369,09:44:43,$ 3178.21,100
370,09:44:29,$ 3178.05,100
371,09:44:29,$ 3178.00,100
372,09:44:22,$ 3179.725,100
373,09:44:17,$ 3178.975,100
374,09:44:15,$ 3179.40,100
375,09:44:15,$ 3179.41,100
376,09:44:15,$ 3180.98,100
377,09:44:15,$ 3179.57,100
379,09:44:15,$ 3179.85,100
380,09:44:15,$ 3179.71,100
381,09:44:09,$ 3180.99,100
382,09:43:47,$ 3175.61,100
383,09:43:47,$ 3176.54,100
384,09:43:41,$ 3178.08,100
385,09:43:41,$ 3178.56,100
386,09:43:38,$ 3179.17,100
387,09:43:38,$ 3178.64,100
388,09:43:29,$ 3180.20,100
389,09:43:18,$ 3179.376,100
390,09:43:18,$ 3179.342,100
391,09:43:17,$ 3180.64,114
392,09:43:17,$ 3178.95,100
393,09:43:17,$ 3178.88,100
394,09:43:16,$ 3179.36,100
395,09:43:14,$ 3179.36,140
396,09:43:13,$ 3180.585,100
397,09:43:11,$ 3180.22,100
398,09:43:10,$ 3180.35,100
400,09:43:09,$ 3180.07,100
401,09:43:04,$ 3181.9499,200
402,09:43:02,$ 3180.53,100
403,09:43:01,$ 3180.39,100
404,09:43:01,$ 3179.19,100
405,09:43:01,$ 3180.00,245
406,09:42:56,$ 3178.235,"1,200"
407,09:42:49,$ 3177.32,100
408,09:42:49,$ 3178.305,100
409,09:42:49,$ 3177.32,100
410,09:42:49,$ 3177.33,100
411,09:42:49,$ 3177.33,100
412,09:42:41,$ 3177.42,100
413,09:42:41,$ 3177.41,200
414,09:42:40,$ 3178.285,100
415,09:42:36,$ 3176.80,100
416,09:42:36,$ 3176.67,100
417,09:42:36,$ 3176.70,100
418,09:42:36,$ 3176.74,100
419,09:42:36,$ 3176.67,100
421,09:42:36,$ 3177.49,100
422,09:42:36,$ 3176.67,100
423,09:42:36,$ 3176.69,100
424,09:42:33,$ 3179.22,100
425,09:42:33,$ 3179.04,100
426,09:42:33,$ 3179.22,100
427,09:42:32,$ 3179.0447,100
428,09:42:29,$ 3177.17,100
429,09:42:27,$ 3178.095,"1,000"
430,09:42:26,$ 3177.60,100
431,09:42:26,$ 3178.095,"1,000"
432,09:42:14,$ 3176.2731,100
433,09:42:13,$ 3176.67,100
434,09:42:10,$ 3175.9164,200
435,09:42:07,$ 3176.365,100
436,09:42:05,$ 3176.50,100
437,09:42:04,$ 3176.37,100
438,09:42:04,$ 3176.44,100
439,09:42:04,$ 3176.89,100
440,09:42:04,$ 3177.07,100
442,09:42:03,$ 3176.5279,200
443,09:42:00,$ 3176.44,100
444,09:42:00,$ 3176.37,100
445,09:42:00,$ 3176.87,100
446,09:42:00,$ 3176.60,100
447,09:42:00,$ 3175.80,100
448,09:41:59,$ 3175.285,100
449,09:41:59,$ 3175.285,"1,500"
450,09:41:58,$ 3175.29,100
451,09:41:58,$ 3175.7451,184
452,09:41:58,$ 3175.80,100
453,09:41:58,$ 3175.70,100
454,09:41:58,$ 3175.5248,100
455,09:41:58,$ 3175.89,100
456,09:41:58,$ 3176.27,100
457,09:41:58,$ 3176.22,100
458,09:41:56,$ 3176.6099,250
459,09:41:56,$ 3175.39,100
460,09:41:56,$ 3175.29,100
461,09:41:52,$ 3174.13,100
463,09:41:52,$ 3174.6229,200
464,09:41:52,$ 3173.7501,100
465,09:41:51,$ 3174.13,100
466,09:41:51,$ 3173.7501,100
467,09:41:51,$ 3173.75,200
468,09:41:50,$ 3175.28,100
469,09:41:50,$ 3175.60,100
470,09:41:43,$ 3178.35,100
471,09:41:43,$ 3178.35,100
472,09:41:41,$ 3177.07,100
473,09:41:36,$ 3178.66,100
474,09:41:36,$ 3177.30,100
475,09:41:33,$ 3179.165,100
476,09:41:33,$ 3177.66,100
477,09:41:31,$ 3177.82,100
478,09:41:31,$ 3177.81,100
479,09:41:30,$ 3178.34,200
480,09:41:27,$ 3178.935,100
481,09:41:27,$ 3178.81,100
482,09:41:21,$ 3177.29,100
484,09:41:12,$ 3177.47,100
485,09:41:08,$ 3175.60,100
486,09:41:08,$ 3176.875,100
487,09:41:04,$ 3176.7867,300
488,09:40:59,$ 3175.9938,100
489,09:40:59,$ 3175.995,100
490,09:40:58,$ 3175.93,101
491,09:40:58,$ 3176.88,100
492,09:40:48,$ 3177.85,100
493,09:40:48,$ 3178.00,100
494,09:40:38,$ 3179.49,100
495,09:40:37,$ 3180.38,100
496,09:40:29,$ 3180.08,100
497,09:40:25,$ 3180.19,100
498,09:40:24,$ 3182.2583,100
499,09:40:23,$ 3182.815,200
500,09:40:22,$ 3183.19,100
501,09:40:21,$ 3182.82,116
502,09:40:21,$ 3182.89,100
503,09:40:19,$ 3182.525,100
505,09:40:17,$ 3181.55,200
506,09:40:17,$ 3182.88,120
507,09:40:17,$ 3181.55,100
508,09:40:17,$ 3182.08,200
509,09:40:17,$ 3182.02,100
510,09:40:17,$ 3182.06,100
511,09:40:17,$ 3182.01,100
512,09:40:17,$ 3182.65,100
513,09:40:17,$ 3182.07,100
514,09:40:15,$ 3180.965,100
515,09:40:15,$ 3180.75,100
516,09:40:13,$ 3180.225,100
517,09:40:11,$ 3179.96,100
518,09:40:11,$ 3176.27,207
519,09:40:11,$ 3179.4666,100
520,09:40:11,$ 3179.0866,100
521,09:40:11,$ 3178.9166,100
522,09:40:11,$ 3179.0666,100
523,09:40:11,$ 3179.13,100
524,09:40:11,$ 3179.42,100
526,09:40:11,$ 3179.80,100
527,09:40:11,$ 3179.25,100
528,09:40:06,$ 3178.11,100
529,09:40:05,$ 3176.80,270
530,09:40:05,$ 3176.8516,100
531,09:40:05,$ 3177.58,400
532,09:40:04,$ 3177.13,300
533,09:40:04,$ 3177.13,100
534,09:40:04,$ 3177.70,100
535,09:40:04,$ 3177.15,100
536,09:40:04,$ 3177.13,100
537,09:40:04,$ 3178.02,100
538,09:40:03,$ 3178.54,300
539,09:40:03,$ 3178.03,100
540,09:40:03,$ 3178.04,100
541,09:40:03,$ 3178.60,100
542,09:40:03,$ 3178.04,100
543,09:40:03,$ 3178.04,100
544,09:40:03,$ 3178.548,200
545,09:40:03,$ 3178.01,100
547,09:40:03,$ 3178.02,100
548,09:40:03,$ 3178.015,100
549,09:40:03,$ 3178.88,100
550,09:40:01,$ 3178.62,100
551,09:39:59,$ 3178.0001,200
552,09:39:57,$ 3179.56,100
553,09:39:56,$ 3179.57,100
554,09:39:53,$ 3178.98,200
555,09:39:53,$ 3180.00,125
556,09:39:53,$ 3180.00,225
557,09:39:51,$ 3180.3229,100
558,09:39:47,$ 3180.91,120
559,09:39:45,$ 3182.2885,100
560,09:39:43,$ 3182.07,100
561,09:39:40,$ 3181.47,100
562,09:39:38,$ 3182.0345,290
563,09:39:35,$ 3180.7232,300
564,09:39:35,$ 3181.78,100
565,09:39:34,$ 3182.56,100
566,09:39:34,$ 3181.455,100
568,09:39:34,$ 3181.465,100
569,09:39:31,$ 3182.485,100
570,09:39:30,$ 3181.895,116
571,09:39:29,$ 3180.80,100
572,09:39:29,$ 3181.895,100
573,09:39:29,$ 3181.00,100
574,09:39:29,$ 3181.84,100
575,09:39:29,$ 3181.98,100
576,09:39:29,$ 3181.95,100
577,09:39:29,$ 3182.00,100
578,09:39:29,$ 3182.30,100
579,09:39:28,$ 3181.84,100
580,09:39:22,$ 3183.6116,100
581,09:39:21,$ 3184.3129,"1,000"
582,09:39:19,$ 3184.13,100
583,09:39:17,$ 3184.8057,"1,000"
584,09:39:15,$ 3184.74,100
585,09:39:15,$ 3184.71,100
586,09:39:15,$ 3184.34,100
587,09:39:15,$ 3185.00,150
589,09:39:12,$ 3186.795,100
590,09:39:12,$ 3187.46,100
591,09:39:12,$ 3186.46,100
592,09:39:12,$ 3186.07,100
593,09:39:12,$ 3186.56,100
594,09:39:09,$ 3188.18,100
595,09:39:01,$ 3189.75,100
596,09:38:52,$ 3188.83,100
597,09:38:49,$ 3188.625,100
598,09:38:45,$ 3189.90,100
599,09:38:41,$ 3188.81,100
600,09:38:41,$ 3188.77,100
601,09:38:41,$ 3189.95,100
602,09:38:41,$ 3190.33,100
603,09:38:37,$ 3193.57,273
604,09:38:25,$ 3187.775,100
605,09:38:24,$ 3188.135,100
606,09:38:24,$ 3188.13,100
607,09:38:22,$ 3187.13,100
608,09:38:13,$ 3189.20,100
610,09:38:10,$ 3190.04,100
611,09:38:08,$ 3188.60,100
612,09:38:03,$ 3189.43,100
613,09:38:03,$ 3191.92,100
614,09:38:03,$ 3190.00,100
615,09:38:03,$ 3188.58,200
616,09:38:03,$ 3189.02,127
617,09:38:03,$ 3190.00,100
618,09:38:03,$ 3189.38,100
619,09:38:02,$ 3190.32,100
620,09:38:02,$ 3190.1201,"1,000"
621,09:38:00,$ 3193.92,100
622,09:38:00,$ 3194.43,100
623,09:38:00,$ 3193.38,100
624,09:38:00,$ 3194.42,100
625,09:38:00,$ 3194.425,100
626,09:37:53,$ 3194.475,150
627,09:37:44,$ 3192.215,101
628,09:37:43,$ 3192.215,100
629,09:37:40,$ 3192.22,100
631,09:37:34,$ 3195.66,100
632,09:37:34,$ 3195.06,100
633,09:37:34,$ 3195.07,100
634,09:37:34,$ 3195.05,135
635,09:37:34,$ 3195.50,100
636,09:37:34,$ 3195.10,100
637,09:37:31,$ 3195.12,100
638,09:37:28,$ 3196.97,100
639,09:37:28,$ 3196.00,100
640,09:37:28,$ 3196.00,100
641,09:37:28,$ 3196.00,100
642,09:37:27,$ 3194.51,100
643,09:37:27,$ 3194.93,230
644,09:37:27,$ 3193.2699,400
645,09:37:26,$ 3191.97,100
646,09:37:23,$ 3191.45,100
647,09:37:23,$ 3191.45,100
648,09:37:23,$ 3191.24,100
649,09:37:21,$ 3191.78,100
650,09:37:19,$ 3189.9971,238
652,09:37:19,$ 3189.9971,492
653,09:37:18,$ 3192.02,100
654,09:37:18,$ 3192.05,100
655,09:37:18,$ 3192.00,104
656,09:37:18,$ 3192.00,419
657,09:37:17,$ 3192.58,100
658,09:37:17,$ 3193.38,100
659,09:37:16,$ 3192.7349,100
660,09:37:15,$ 3190.9118,200
661,09:37:13,$ 3192.87,100
662,09:37:12,$ 3194.471,300
663,09:37:11,$ 3193.73,100
664,09:37:09,$ 3194.71,100
665,09:37:09,$ 3194.48,100
666,09:37:09,$ 3194.99,100
667,09:37:08,$ 3193.4196,116
668,09:37:07,$ 3193.54,100
669,09:37:05,$ 3193.53,100
670,09:37:04,$ 3193.73,100
671,09:37:04,$ 3194.065,100
673,09:37:04,$ 3193.17,100
674,09:37:02,$ 3193.7345,"1,000"
675,09:37:01,$ 3195.00,100
676,09:37:01,$ 3195.00,100
677,09:37:01,$ 3195.00,100
678,09:36:58,$ 3191.81,100
679,09:36:58,$ 3192.01,100
680,09:36:57,$ 3192.77,100
681,09:36:55,$ 3192.63,100
682,09:36:44,$ 3191.86,100
683,09:36:40,$ 3192.86,100
684,09:36:34,$ 3190.45,100
685,09:36:29,$ 3191.829,200
686,09:36:22,$ 3191.50,100
687,09:36:22,$ 3190.80,200
688,09:36:10,$ 3189.74,100
689,09:36:10,$ 3189.87,100
690,09:36:08,$ 3189.89,100
691,09:36:08,$ 3190.57,100
692,09:36:07,$ 3188.79,100
694,09:36:07,$ 3188.21,100
695,09:36:07,$ 3188.50,100
696,09:36:07,$ 3186.78,"1,000"
697,09:36:05,$ 3187.02,100
698,09:36:05,$ 3187.15,100
699,09:36:04,$ 3185.84,116
700,09:35:56,$ 3189.00,100
701,09:35:51,$ 3190.235,300
702,09:35:51,$ 3190.225,100
703,09:35:46,$ 3189.70,100
704,09:35:46,$ 3189.70,100
705,09:35:46,$ 3189.64,100
706,09:35:46,$ 3189.14,100
707,09:35:46,$ 3188.96,100
708,09:35:46,$ 3190.03,100
709,09:35:46,$ 3190.00,100
710,09:35:33,$ 3190.00,100
711,09:35:33,$ 3190.00,100
712,09:35:32,$ 3187.34,100
713,09:35:32,$ 3189.71,100
715,09:35:32,$ 3189.70,100
716,09:35:31,$ 3187.3401,150
717,09:35:30,$ 3189.00,174
718,09:35:30,$ 3189.00,100
719,09:35:30,$ 3188.64,100
720,09:35:29,$ 3187.2801,100
721,09:35:28,$ 3188.44,100
722,09:35:19,$ 3187.9699,100
723,09:35:14,$ 3181.8934,100
724,09:35:13,$ 3184.88,100
725,09:35:13,$ 3185.695,100
726,09:35:13,$ 3183.66,100
727,09:35:13,$ 3182.36,100
728,09:35:12,$ 3183.90,275
729,09:35:09,$ 3183.89,"1,000"
730,09:35:07,$ 3183.2054,100
731,09:35:04,$ 3182.03,100
732,09:35:04,$ 3182.16,100
733,09:35:04,$ 3182.01,139
734,09:35:04,$ 3182.52,100
736,09:35:04,$ 3182.03,100
737,09:35:04,$ 3182.005,100
738,09:35:04,$ 3182.50,100
739,09:35:04,$ 3182.56,100
740,09:35:04,$ 3184.61,200
741,09:35:02,$ 3183.81,100
742,09:35:02,$ 3183.74,"1,000"
743,09:35:01,$ 3183.895,100
744,09:35:01,$ 3182.57,100
745,09:35:01,$ 3184.46,100
746,09:35:01,$ 3183.13,800
747,09:35:01,$ 3183.13,100
748,09:35:01,$ 3184.462,"1,000"
749,09:35:00,$ 3185.00,217
750,09:35:00,$ 3185.64,100
751,09:35:00,$ 3185.79,100
752,09:34:58,$ 3186.74,100
753,09:34:57,$ 3189.00,"1,000"
754,09:34:56,$ 3189.005,100
755,09:34:49,$ 3188.09,400
757,09:34:44,$ 3187.34,100
758,09:34:42,$ 3190.9796,900
759,09:34:38,$ 3187.00,100
760,09:34:38,$ 3187.23,100
761,09:34:28,$ 3188.70,285
762,09:34:15,$ 3189.43,100
763,09:34:15,$ 3189.43,100
764,09:34:11,$ 3189.43,100
765,09:34:09,$ 3189.995,500
766,09:34:07,$ 3188.02,100
767,09:34:04,$ 3189.6712,100
768,09:34:02,$ 3187.124,250
769,09:34:01,$ 3188.00,200
770,09:34:00,$ 3186.82,200
771,09:33:58,$ 3187.10,600
772,09:33:58,$ 3187.75,100
773,09:33:56,$ 3187.92,100
774,09:33:53,$ 3189.00,100
775,09:33:53,$ 3189.27,100
776,09:33:53,$ 3189.41,100
778,09:33:48,$ 3190.596,100
779,09:33:32,$ 3191.51,100
780,09:33:32,$ 3191.63,100
781,09:33:31,$ 3191.59,100
782,09:33:31,$ 3191.63,100
783,09:33:28,$ 3191.64,100
784,09:33:25,$ 3189.98,100
785,09:33:18,$ 3191.00,100
786,09:33:18,$ 3191.00,156
787,09:33:15,$ 3190.50,268
788,09:33:15,$ 3190.50,282
789,09:33:12,$ 3189.70,132
790,09:33:10,$ 3188.79,100
791,09:33:09,$ 3190.10,100
792,09:33:09,$ 3189.21,100
793,09:33:09,$ 3190.00,190
794,09:33:08,$ 3190.1001,150
795,09:33:07,$ 3193.7024,100
796,09:33:06,$ 3193.57,100
797,09:33:04,$ 3190.96,300
799,09:33:04,$ 3190.87,100
800,09:33:02,$ 3190.70,100
801,09:32:57,$ 3193.175,100
802,09:32:57,$ 3193.45,100
803,09:32:57,$ 3193.52,100
804,09:32:56,$ 3194.46,100
805,09:32:56,$ 3194.01,100
806,09:32:56,$ 3194.44,300
807,09:32:56,$ 3196.00,100
808,09:32:55,$ 3195.1869,220
809,09:32:47,$ 3194.59,100
810,09:32:45,$ 3194.59,100
811,09:32:45,$ 3194.59,100
812,09:32:45,$ 3194.342,224
813,09:32:41,$ 3194.59,100
814,09:32:40,$ 3191.76,100
815,09:32:40,$ 3193.175,100
816,09:32:39,$ 3195.00,"1,800"
817,09:32:39,$ 3195.00,148
818,09:32:32,$ 3194.41,100
820,09:32:31,$ 3194.27,100
821,09:32:30,$ 3194.95,100
822,09:32:23,$ 3195.00,100
823,09:32:21,$ 3193.68,100
824,09:32:21,$ 3194.76,100
825,09:32:14,$ 3193.65,100
826,09:32:13,$ 3193.43,100
827,09:32:13,$ 3193.43,100
828,09:32:13,$ 3193.43,100
829,09:32:12,$ 3192.94,100
830,09:32:12,$ 3192.94,100
831,09:32:10,$ 3190.73,100
832,09:32:10,$ 3190.74,100
833,09:31:47,$ 3192.4671,100
834,09:31:47,$ 3192.71,100
835,09:31:47,$ 3192.71,100
836,09:31:47,$ 3193.75,100
837,09:31:46,$ 3194.75,100
838,09:31:45,$ 3195.625,100
839,09:31:45,$ 3197.65,100
841,09:31:45,$ 3195.92,100
842,09:31:45,$ 3195.92,100
843,09:31:45,$ 3195.71,100
844,09:31:45,$ 3196.48,300
845,09:31:45,$ 3195.715,100
846,09:31:45,$ 3195.7135,200
847,09:31:45,$ 3196.48,100
848,09:31:36,$ 3197.65,100
849,09:31:34,$ 3198.3462,131
850,09:31:34,$ 3197.76,100
851,09:31:32,$ 3196.68,100
852,09:31:30,$ 3200.83,100
853,09:31:29,$ 3200.7201,100
854,09:31:26,$ 3203.00,100
855,09:31:23,$ 3200.91,100
856,09:31:20,$ 3202.383,346
857,09:31:20,$ 3198.60,100
858,09:31:20,$ 3198.30,300
859,09:31:20,$ 3199.18,100
860,09:31:19,$ 3198.7233,300
862,09:31:19,$ 3199.39,100
863,09:31:19,$ 3198.47,100
864,09:31:19,$ 3199.57,100
865,09:31:16,$ 3202.82,100
866,09:31:13,$ 3200.425,117
867,09:31:13,$ 3200.425,100
868,09:31:12,$ 3201.11,100
869,09:31:12,$ 3201.05,400
870,09:31:10,$ 3200.935,100
871,09:31:07,$ 3202.76,283
872,09:31:07,$ 3201.88,100
873,09:31:06,$ 3200.965,128
874,09:31:05,$ 3200.00,189
875,09:31:05,$ 3200.00,100
876,09:31:05,$ 3200.00,100
877,09:31:05,$ 3200.00,100
878,09:31:05,$ 3200.00,100
879,09:31:04,$ 3200.00,153
880,09:31:04,$ 3200.00,100
881,09:31:04,$ 3200.00,100
883,09:31:04,$ 3199.68,"1,158"
884,09:31:04,$ 3200.00,100
885,09:31:02,$ 3197.993,100
886,09:30:59,$ 3199.67,100
887,09:30:57,$ 3199.33,100
888,09:30:57,$ 3197.725,100
889,09:30:57,$ 3199.21,100
890,09:30:57,$ 3199.13,100
891,09:30:57,$ 3199.21,100
892,09:30:57,$ 3198.85,100
893,09:30:56,$ 3198.60,100
894,09:30:56,$ 3198.80,100
895,09:30:55,$ 3199.10,969
896,09:30:54,$ 3199.12,100
897,09:30:52,$ 3199.12,100
898,09:30:52,$ 3199.00,100
899,09:30:51,$ 3198.19,100
900,09:30:51,$ 3197.69,100
901,09:30:49,$ 3197.95,100
902,09:30:49,$ 3198.00,100
904,09:30:49,$ 3197.37,100
905,09:30:46,$ 3197.7999,200
906,09:30:45,$ 3197.235,100
907,09:30:44,$ 3196.21,100
908,09:30:42,$ 3195.6084,300
909,09:30:42,$ 3195.00,100
910,09:30:42,$ 3194.82,100
911,09:30:42,$ 3195.00,284
912,09:30:42,$ 3194.35,110
913,09:30:42,$ 3195.14,100
914,09:30:34,$ 3191.82,100
915,09:30:33,$ 3191.61,100
916,09:30:31,$ 3192.07,100
917,09:30:31,$ 3192.07,100
918,09:30:31,$ 3192.07,100
919,09:30:25,$ 3195.005,500
920,09:30:21,$ 3193.47,100
921,09:30:20,$ 3195.00,100
922,09:30:19,$ 3195.00,100
923,09:30:19,$ 3192.89,100
925,09:30:19,$ 3194.00,100
926,09:30:18,$ 3194.55,100
927,09:30:17,$ 3195.00,100
928,09:30:17,$ 3195.00,100
929,09:30:17,$ 3195.00,206
930,09:30:17,$ 3195.00,100
931,09:30:16,$ 3194.00,100
932,09:30:15,$ 3193.315,100
933,09:30:14,$ 3192.13,300
934,09:30:14,$ 3192.36,100
935,09:30:14,$ 3192.55,100
936,09:30:13,$ 3191.92,100
937,09:30:13,$ 3191.98,100
938,09:30:13,$ 3191.70,100
939,09:30:12,$ 3190.09,100
940,09:30:11,$ 3190.5132,100
941,09:30:08,$ 3190.095,300
942,09:30:06,$ 3190.95,100
943,09:30:06,$ 3190.95,100
944,09:30:06,$ 3190.00,100
946,09:30:06,$ 3190.00,100
947,09:30:06,$ 3190.00,100
948,09:30:06,$ 3190.00,100
949,09:30:06,$ 3190.00,239
950,09:30:06,$ 3190.00,210
951,09:30:06,$ 3188.62,100
952,09:30:05,$ 3190.00,120
953,09:30:04,$ 3187.91,188
954,09:30:04,$ 3186.50,158
955,09:30:02,$ 3185.47,2
956,09:30:02,$ 3185.47,8
957,09:30:02,$ 3185.47,12
958,09:30:02,$ 3185.47,3
959,09:30:02,$ 3185.47,4
960,09:30:02,$ 3185.47,4
961,09:30:02,$ 3185.47,1
962,09:30:02,$ 3185.47,85
963,09:30:02,$ 3185.47,2
964,09:30:02,$ 3185.47,1
965,09:30:02,$ 3185.47,3
967,09:30:02,$ 3185.47,3
968,09:30:02,$ 3185.47,3
969,09:30:02,$ 3185.47,2
970,09:30:02,$ 3185.47,11
971,09:30:02,$ 3185.47,2
972,09:30:02,$ 3185.47,1
973,09:30:02,$ 3185.47,1
974,09:30:02,$ 3185.47,1
975,09:30:02,$ 3185.47,1
976,09:30:02,$ 3185.47,1
977,09:30:02,$ 3185.47,1
978,09:30:02,$ 3185.47,38
979,09:30:02,$ 3185.47,6
980,09:30:02,$ 3185.47,12
981,09:30:02,$ 3185.47,10
982,09:30:02,$ 3185.47,1
983,09:30:02,$ 3185.47,2
984,09:30:02,$ 3185.47,99
985,09:30:02,$ 3185.47,11
986,09:30:02,$ 3185.47,8
988,09:30:02,$ 3185.47,13
989,09:30:02,$ 3185.47,2
990,09:30:02,$ 3185.47,1
991,09:30:02,$ 3185.47,5
992,09:30:02,$ 3185.47,7
993,09:30:02,$ 3185.47,10
994,09:30:02,$ 3185.47,13
995,09:30:02,$ 3185.47,6
996,09:30:02,$ 3185.47,8
997,09:30:02,$ 3185.47,1
998,09:30:02,$ 3185.47,1
999,09:30:02,$ 3185.47,1
1000,09:30:02,$ 3185.47,14
1001,09:30:02,$ 3185.47,2
1002,09:30:02,$ 3185.47,1
1003,09:30:02,$ 3185.47,3
1004,09:30:02,$ 3185.47,1
1005,09:30:02,$ 3185.47,7
1006,09:30:02,$ 3185.47,5
1007,09:30:02,$ 3185.47,1
1009,09:30:02,$ 3185.47,10
1010,09:30:02,$ 3185.47,1
1011,09:30:02,$ 3185.47,10
1012,09:30:02,$ 3185.47,120
1013,09:30:02,$ 3185.47,1
1014,09:30:02,$ 3185.47,1
1015,09:30:02,$ 3185.47,1
1016,09:30:02,$ 3185.47,2
1017,09:30:02,$ 3185.47,1
1018,09:30:02,$ 3185.47,30
1019,09:30:02,$ 3185.47,5
1020,09:30:02,$ 3185.47,1
1021,09:30:02,$ 3185.47,3
1022,09:30:02,$ 3185.47,2
1023,09:30:02,$ 3185.47,2
1024,09:30:02,$ 3185.47,2
1025,09:30:02,$ 3185.47,10
1026,09:30:02,$ 3185.47,1
1027,09:30:02,$ 3185.47,40
1028,09:30:02,$ 3185.47,2
1030,09:30:02,$ 3185.47,1
1031,09:30:02,$ 3185.47,2
1032,09:30:02,$ 3185.47,2
1033,09:30:02,$ 3185.47,7
1034,09:30:02,$ 3185.47,1
1035,09:30:02,$ 3185.47,1
1036,09:30:02,$ 3185.47,2
1037,09:30:02,$ 3185.47,4
1038,09:30:02,$ 3185.47,1
1039,09:30:02,$ 3185.47,3
1040,09:30:02,$ 3185.47,2
1041,09:30:02,$ 3185.47,1
1042,09:30:02,$ 3185.47,1
1043,09:30:02,$ 3185.47,1
1044,09:30:02,$ 3185.47,3
1045,09:30:02,$ 3185.47,5
1046,09:30:02,$ 3185.47,1
1047,09:30:02,$ 3185.47,1
1048,09:30:02,$ 3185.47,1
1049,09:30:02,$ 3185.47,1
1051,09:30:02,$ 3185.47,1
1052,09:30:02,$ 3185.47,1
1053,09:30:02,$ 3185.47,1
1054,09:30:02,$ 3185.47,4
1055,09:30:02,$ 3185.47,2
1056,09:30:02,$ 3185.47,1
1057,09:30:02,$ 3185.47,1
1058,09:30:02,$ 3185.47,1
1059,09:30:02,$ 3185.47,1
1060,09:30:02,$ 3185.47,1
1061,09:30:02,$ 3185.47,1
1062,09:30:02,$ 3185.47,1
1063,09:30:02,$ 3185.47,1
1064,09:30:02,$ 3185.47,2
1065,09:30:02,$ 3185.47,33
1066,09:30:02,$ 3185.47,1
1067,09:30:02,$ 3185.47,1
1068,09:30:02,$ 3185.47,2
1069,09:30:02,$ 3185.47,3
1070,09:30:02,$ 3185.47,3
1072,09:30:02,$ 3185.47,1
1073,09:30:02,$ 3185.47,1
1074,09:30:02,$ 3185.47,1
1075,09:30:02,$ 3185.47,28
1076,09:30:02,$ 3185.47,1
1077,09:30:02,$ 3185.47,1
1078,09:30:02,$ 3185.47,2
1079,09:30:02,$ 3185.47,2
1080,09:30:02,$ 3185.47,4
1081,09:30:02,$ 3185.47,50
1082,09:30:02,$ 3185.47,10
1083,09:30:02,$ 3185.47,7
1084,09:30:02,$ 3185.47,2
1085,09:30:02,$ 3185.47,10
1086,09:30:02,$ 3185.47,1
1087,09:30:02,$ 3185.47,8
1088,09:30:02,$ 3185.47,1
1089,09:30:02,$ 3185.47,1
1090,09:30:02,$ 3185.47,1
1091,09:30:02,$ 3185.47,1
1093,09:30:02,$ 3185.47,11
1094,09:30:02,$ 3185.47,1
1095,09:30:02,$ 3185.47,10
1096,09:30:02,$ 3185.47,3
1097,09:30:02,$ 3185.47,2
1098,09:30:02,$ 3185.47,8
1099,09:30:02,$ 3185.47,2
1100,09:30:02,$ 3185.47,4
1101,09:30:02,$ 3185.47,1
1102,09:30:02,$ 3185.47,1
1103,09:30:02,$ 3185.47,4
1104,09:30:02,$ 3185.47,1
1105,09:30:02,$ 3185.47,10
1106,09:30:02,$ 3185.47,4
1107,09:30:02,$ 3185.47,1
1108,09:30:02,$ 3185.47,16
1109,09:30:02,$ 3185.47,35
1110,09:30:02,$ 3185.47,1
1111,09:30:02,$ 3185.47,2
1112,09:30:02,$ 3185.47,1
1114,09:30:02,$ 3185.47,3
1115,09:30:02,$ 3185.47,1
1116,09:30:02,$ 3185.47,6
1117,09:30:02,$ 3185.47,10
1118,09:30:02,$ 3185.47,1
1119,09:30:02,$ 3185.47,3
1120,09:30:02,$ 3185.47,1
1121,09:30:02,$ 3185.47,32
1122,09:30:02,$ 3185.47,2
1123,09:30:02,$ 3185.47,2
1124,09:30:02,$ 3185.47,1
1125,09:30:02,$ 3185.47,31
1126,09:30:02,$ 3185.47,1
1127,09:30:02,$ 3185.47,3
1128,09:30:02,$ 3185.47,25
1129,09:30:02,$ 3185.47,1
1130,09:30:02,$ 3185.47,4
1131,09:30:02,$ 3185.47,5
1132,09:30:02,$ 3185.47,1
1133,09:30:02,$ 3185.47,1
1135,09:30:02,$ 3185.47,2
1136,09:30:02,$ 3185.47,2
1137,09:30:02,$ 3185.47,10
1138,09:30:02,$ 3185.47,2
1139,09:30:02,$ 3185.47,2
1140,09:30:02,$ 3185.47,1
1141,09:30:02,$ 3185.47,1
1142,09:30:02,$ 3185.47,1
1143,09:30:02,$ 3185.47,3
1144,09:30:02,$ 3185.47,1
1145,09:30:02,$ 3185.47,10
1146,09:30:02,$ 3185.47,6
1147,09:30:02,$ 3185.47,1
1148,09:30:02,$ 3185.47,2
1149,09:30:02,$ 3185.47,1
1150,09:30:02,$ 3185.47,1
1151,09:30:02,$ 3185.47,2
1152,09:30:02,$ 3185.47,2
1153,09:30:02,$ 3185.47,20
1154,09:30:02,$ 3185.47,3
1156,09:30:02,$ 3185.47,75
1157,09:30:02,$ 3185.47,3
1158,09:30:02,$ 3185.47,1
1159,09:30:02,$ 3185.47,3
1160,09:30:02,$ 3185.47,32
1161,09:30:02,$ 3185.47,1
1162,09:30:02,$ 3185.47,5
1163,09:30:02,$ 3185.47,9
1164,09:30:02,$ 3185.47,1
1165,09:30:02,$ 3185.47,1
1166,09:30:02,$ 3185.47,2
1167,09:30:02,$ 3185.47,1
1168,09:30:02,$ 3185.47,10
1169,09:30:02,$ 3185.47,1
1170,09:30:02,$ 3185.47,1
1171,09:30:02,$ 3185.47,3
1172,09:30:02,$ 3185.47,4
1173,09:30:02,$ 3185.47,1
1174,09:30:02,$ 3185.47,1
1175,09:30:02,$ 3185.47,5
1177,09:30:02,$ 3185.47,1
1178,09:30:02,$ 3185.47,1
1179,09:30:02,$ 3185.47,1
1180,09:30:02,$ 3185.47,7
1181,09:30:02,$ 3185.47,1
1182,09:30:02,$ 3185.47,1
1183,09:30:02,$ 3185.47,31
1184,09:30:02,$ 3185.47,1
1185,09:30:02,$ 3185.47,27
1186,09:30:02,$ 3185.47,17
1187,09:30:02,$ 3185.47,10
1188,09:30:02,$ 3185.47,19
1189,09:30:02,$ 3185.47,1
1190,09:30:02,$ 3185.47,8
1191,09:30:02,$ 3185.47,4
1192,09:30:02,$ 3185.47,1
1193,09:30:02,$ 3185.47,30
1194,09:30:02,$ 3185.47,9
1195,09:30:02,$ 3185.47,5
1196,09:30:02,$ 3185.47,2
1198,09:30:02,$ 3185.47,2
1199,09:30:02,$ 3185.47,1
1200,09:30:02,$ 3185.47,2
1201,09:30:02,$ 3185.47,1
1202,09:30:02,$ 3185.47,1
1203,09:30:02,$ 3185.47,1
1204,09:30:02,$ 3185.47,50
1205,09:30:02,$ 3185.47,1
1206,09:30:02,$ 3185.47,3
1207,09:30:02,$ 3185.47,11
1208,09:30:02,$ 3185.47,1
1209,09:30:02,$ 3185.47,1
1210,09:30:02,$ 3185.47,1
1211,09:30:02,$ 3185.47,10
1212,09:30:02,$ 3185.47,30
1213,09:30:02,$ 3185.47,1
1214,09:30:02,$ 3185.47,1
1215,09:30:02,$ 3185.47,1
1216,09:30:02,$ 3185.47,3
1217,09:30:02,$ 3185.47,2
1219,09:30:02,$ 3185.47,111
1220,09:30:02,$ 3185.47,3
1221,09:30:02,$ 3185.47,1
1222,09:30:02,$ 3185.47,5
1223,09:30:02,$ 3185.47,3
1224,09:30:02,$ 3185.47,3
1225,09:30:02,$ 3185.47,2
1226,09:30:02,$ 3185.47,4
1227,09:30:02,$ 3185.47,1
1228,09:30:02,$ 3185.47,3
1229,09:30:02,$ 3185.47,1
1230,09:30:02,$ 3185.47,1
1231,09:30:02,$ 3185.47,3
1232,09:30:02,$ 3185.47,18
1233,09:30:02,$ 3185.47,1
1234,09:30:02,$ 3185.47,1
1235,09:30:02,$ 3185.47,1
1236,09:30:02,$ 3185.47,1
1237,09:30:02,$ 3185.47,1
1238,09:30:02,$ 3185.47,5
1240,09:30:02,$ 3185.47,1
1241,09:30:02,$ 3185.47,120
1242,09:30:02,$ 3185.47,10
1243,09:30:02,$ 3185.47,1
1244,09:30:02,$ 3185.47,1
1245,09:30:02,$ 3185.47,6
1246,09:30:02,$ 3185.47,1
1247,09:30:02,$ 3185.47,2
1248,09:30:02,$ 3185.47,1
1249,09:30:02,$ 3185.47,30
1250,09:30:02,$ 3185.47,1
1251,09:30:02,$ 3185.47,2
1252,09:30:02,$ 3185.47,15
1253,09:30:02,$ 3185.47,5
1254,09:30:02,$ 3185.47,1
1255,09:30:02,$ 3185.47,5
1256,09:30:02,$ 3185.47,1
1257,09:30:02,$ 3185.47,1
1258,09:30:02,$ 3185.47,3
1259,09:30:02,$ 3185.47,1
1261,09:30:02,$ 3185.47,1
1262,09:30:02,$ 3185.47,3
1263,09:30:02,$ 3185.47,3
1264,09:30:02,$ 3185.47,4
1265,09:30:02,$ 3185.47,2
1266,09:30:02,$ 3185.47,1
1267,09:30:02,$ 3185.47,3
1268,09:30:02,$ 3185.47,1
1269,09:30:02,$ 3185.47,1
1270,09:30:02,$ 3185.47,8
1271,09:30:02,$ 3185.47,2
1272,09:30:02,$ 3185.47,2
1273,09:30:02,$ 3185.47,3
1274,09:30:02,$ 3185.47,2
1275,09:30:02,$ 3185.47,1
1276,09:30:02,$ 3185.47,1
1277,09:30:02,$ 3185.47,3
1278,09:30:02,$ 3185.47,1
1279,09:30:02,$ 3185.47,2
1280,09:30:02,$ 3185.47,2
1282,09:30:02,$ 3185.47,2
1283,09:30:02,$ 3185.47,1
1284,09:30:02,$ 3185.47,5
1285,09:30:02,$ 3185.47,2
1286,09:30:02,$ 3185.47,1
1287,09:30:02,$ 3185.47,7
1288,09:30:02,$ 3185.47,3
1289,09:30:02,$ 3185.47,2
1290,09:30:02,$ 3185.47,46
1291,09:30:02,$ 3185.47,61
1292,09:30:02,$ 3185.47,75
1293,09:30:02,$ 3185.47,5
1294,09:30:02,$ 3185.47,1
1295,09:30:02,$ 3185.47,5
1296,09:30:02,$ 3185.47,3
1297,09:30:02,$ 3185.47,3
1298,09:30:02,$ 3185.47,5
1299,09:30:02,$ 3185.47,7
1300,09:30:02,$ 3185.47,15
1301,09:30:02,$ 3185.47,4
1303,09:30:02,$ 3185.47,10
1304,09:30:02,$ 3185.47,2
1305,09:30:02,$ 3185.47,10
1306,09:30:02,$ 3185.47,3
1307,09:30:02,$ 3185.47,1
1308,09:30:02,$ 3185.47,2
1309,09:30:02,$ 3185.47,31
1310,09:30:02,$ 3185.47,1
1311,09:30:02,$ 3185.47,1
1312,09:30:02,$ 3185.47,1
1313,09:30:02,$ 3185.47,2
1314,09:30:02,$ 3185.47,111
1315,09:30:02,$ 3185.47,3
1316,09:30:02,$ 3185.47,6
1317,09:30:02,$ 3185.47,10
1318,09:30:02,$ 3185.47,1
1319,09:30:02,$ 3185.47,1
1320,09:30:02,$ 3185.47,30
1321,09:30:02,$ 3185.47,4
1322,09:30:02,$ 3185.47,63
1324,09:30:02,$ 3185.47,15
1325,09:30:02,$ 3185.47,103
1326,09:30:02,$ 3185.47,1
1327,09:30:02,$ 3185.47,1
1328,09:30:02,$ 3185.47,23
1329,09:30:02,$ 3185.47,4
1330,09:30:02,$ 3185.47,4
1331,09:30:02,$ 3185.47,4
1332,09:30:02,$ 3185.47,2
1333,09:30:02,$ 3185.47,2
1334,09:30:02,$ 3185.47,4
1335,09:30:02,$ 3185.47,2
1336,09:30:02,$ 3185.47,6
1337,09:30:02,$ 3185.47,7
1338,09:30:02,$ 3185.47,22
1339,09:30:02,$ 3185.47,1
1340,09:30:02,$ 3185.47,1
1341,09:30:02,$ 3185.47,2
1342,09:30:02,$ 3185.47,2
1343,09:30:02,$ 3185.47,2
1345,09:30:02,$ 3185.47,10
1346,09:30:02,$ 3185.47,2
1347,09:30:02,$ 3185.47,1
1348,09:30:02,$ 3185.47,9
1349,09:30:02,$ 3185.47,5
1350,09:30:02,$ 3185.47,3
1351,09:30:02,$ 3185.47,1
1352,09:30:02,$ 3185.47,5
1353,09:30:02,$ 3185.47,1
1354,09:30:02,$ 3185.47,2
1355,09:30:02,$ 3185.47,1
1356,09:30:02,$ 3185.47,2
1357,09:30:02,$ 3185.47,4
1358,09:30:02,$ 3185.47,2
1359,09:30:02,$ 3185.47,2
1360,09:30:02,$ 3185.47,1
1361,09:30:02,$ 3185.47,3
1362,09:30:02,$ 3185.47,3
1363,09:30:02,$ 3185.47,1
1364,09:30:02,$ 3185.47,10
1366,09:30:02,$ 3185.47,1
1367,09:30:02,$ 3185.47,5
1368,09:30:02,$ 3185.47,5
1369,09:30:02,$ 3185.47,2
1370,09:30:02,$ 3185.47,1
1371,09:30:02,$ 3185.47,30
1372,09:30:02,$ 3185.47,1
1373,09:30:02,$ 3185.47,10
1374,09:30:02,$ 3185.47,1
1375,09:30:02,$ 3185.47,1
1376,09:30:02,$ 3185.47,1
1377,09:30:02,$ 3185.47,15
1378,09:30:02,$ 3185.47,1
1379,09:30:02,$ 3185.47,1
1380,09:30:02,$ 3185.47,1
1381,09:30:02,$ 3185.47,5
1382,09:30:02,$ 3185.47,3
1383,09:30:02,$ 3185.47,30
1384,09:30:02,$ 3185.47,3
1385,09:30:02,$ 3185.47,1
1387,09:30:02,$ 3185.47,3
1388,09:30:02,$ 3185.47,1
1389,09:30:02,$ 3185.47,1
1390,09:30:02,$ 3185.47,1
1391,09:30:02,$ 3185.47,4
1392,09:30:02,$ 3185.47,1
1393,09:30:02,$ 3185.47,1
1394,09:30:02,$ 3185.47,383
1395,09:30:02,$ 3185.47,3
1396,09:30:02,$ 3185.47,2
1397,09:30:02,$ 3185.47,10
1398,09:30:02,$ 3185.47,2
1399,09:30:02,$ 3185.47,1
1400,09:30:02,$ 3185.47,12
1401,09:30:02,$ 3185.47,273
1402,09:30:02,$ 3185.47,30
1403,09:30:02,$ 3185.47,1
1404,09:30:02,$ 3185.47,1
1405,09:30:02,$ 3185.47,5
1406,09:30:02,$ 3185.47,1
1408,09:30:02,$ 3185.47,200
1409,09:30:02,$ 3185.47,1
1410,09:30:02,$ 3185.47,"1,149"
1411,09:30:02,$ 3185.47,500
1412,09:30:02,$ 3185.47,2
1413,09:30:02,$ 3185.47,4
1414,09:30:02,$ 3185.47,3
1415,09:30:02,$ 3185.47,3
1416,09:30:02,$ 3185.47,5
1417,09:30:02,$ 3185.47,1
1418,09:30:02,$ 3185.47,3
1419,09:30:02,$ 3185.47,2
1420,09:30:02,$ 3185.47,1
1421,09:30:02,$ 3185.47,1
1422,09:30:02,$ 3185.47,1
1423,09:30:02,$ 3185.47,67
1424,09:30:02,$ 3185.47,1
1425,09:30:02,$ 3185.47,10
1426,09:30:02,$ 3185.47,8
1427,09:30:02,$ 3185.47,3
1429,09:30:02,$ 3185.47,1
1430,09:30:02,$ 3185.47,4
1431,09:30:02,$ 3185.47,1
1432,09:30:02,$ 3185.47,1
1433,09:30:02,$ 3185.47,10
1434,09:30:02,$ 3185.47,2
1435,09:30:02,$ 3185.47,1
1436,09:30:02,$ 3185.47,1
1437,09:30:02,$ 3185.47,1
1438,09:30:02,$ 3185.47,1
1439,09:30:02,$ 3185.47,1
1440,09:30:02,$ 3185.47,1
1441,09:30:02,$ 3185.47,504
1442,09:30:02,$ 3185.47,5
1443,09:30:02,$ 3185.47,3
1444,09:30:02,$ 3185.47,2
1445,09:30:02,$ 3185.47,5
1446,09:30:02,$ 3185.47,2
1447,09:30:02,$ 3185.47,10
1448,09:30:02,$ 3185.47,50
1450,09:30:02,$ 3185.47,20
1451,09:30:02,$ 3185.47,2
1452,09:30:02,$ 3185.47,200
1453,09:30:02,$ 3185.47,6
1454,09:30:02,$ 3185.47,15
1455,09:30:02,$ 3185.47,25
1456,09:30:02,$ 3185.47,5
1457,09:30:02,$ 3185.47,46
1458,09:30:02,$ 3185.47,2
1459,09:30:02,$ 3185.47,3
1460,09:30:02,$ 3185.47,17
1461,09:30:02,$ 3185.47,31
1462,09:30:02,$ 3185.47,2
1463,09:30:02,$ 3185.47,176
1464,09:30:02,$ 3185.47,23
1465,09:30:02,$ 3185.47,3
1466,09:30:02,$ 3185.47,1
1467,09:30:02,$ 3185.47,5
1468,09:30:02,$ 3185.47,2
1469,09:30:02,$ 3185.47,2
1471,09:30:02,$ 3185.47,14
1472,09:30:02,$ 3185.47,1
1473,09:30:02,$ 3185.47,2
1474,09:30:02,$ 3185.47,3
1475,09:30:02,$ 3185.47,1
1476,09:30:02,$ 3185.47,2
1477,09:30:02,$ 3185.47,10
1478,09:30:02,$ 3185.47,3
1479,09:30:02,$ 3185.47,1
1480,09:30:02,$ 3185.47,9
1481,09:30:02,$ 3185.47,3
1482,09:30:02,$ 3185.47,1
1483,09:30:02,$ 3185.47,2
1484,09:30:02,$ 3185.47,2
1485,09:30:02,$ 3185.47,1
1486,09:30:02,$ 3185.47,3
1487,09:30:02,$ 3185.47,10
1488,09:30:02,$ 3185.47,1
1489,09:30:02,$ 3185.47,11
1490,09:30:02,$ 3185.47,5
1492,09:30:02,$ 3185.47,50
1493,09:30:02,$ 3185.47,247
1494,09:30:02,$ 3185.47,2
1495,09:30:02,$ 3185.47,100
1496,09:30:02,$ 3185.47,10
1497,09:30:02,$ 3185.47,125
1498,09:30:02,$ 3185.47,17
1499,09:30:02,$ 3185.47,1
1500,09:30:02,$ 3185.47,2
1501,09:30:02,$ 3185.47,100
1502,09:30:02,$ 3185.47,3
1503,09:30:02,$ 3185.47,1
1504,09:30:02,$ 3185.47,3
1505,09:30:02,$ 3185.47,8
1506,09:30:02,$ 3185.47,1
1507,09:30:02,$ 3185.47,1
1508,09:30:02,$ 3185.47,1
1509,09:30:02,$ 3185.47,2
1510,09:30:02,$ 3185.47,429
1511,09:30:02,$ 3185.47,1
1513,09:30:02,$ 3185.47,1
1514,09:30:02,$ 3185.47,5
1515,09:30:02,$ 3185.47,1
1516,09:30:02,$ 3185.47,1
1517,09:30:02,$ 3185.47,100
1518,09:30:02,$ 3185.47,50
1519,09:30:02,$ 3185.47,2
1520,09:30:02,$ 3185.47,1
1521,09:30:02,$ 3185.47,5
1522,09:30:02,$ 3185.47,1
1523,09:30:02,$ 3185.47,1
1524,09:30:02,$ 3185.47,1
1525,09:30:02,$ 3185.47,2
1526,09:30:02,$ 3185.47,1
1527,09:30:02,$ 3185.47,2
1528,09:30:02,$ 3185.47,29
1529,09:30:02,$ 3185.47,7
1530,09:30:02,$ 3185.47,1
1531,09:30:02,$ 3185.47,2
1532,09:30:02,$ 3185.47,1
1534,09:30:02,$ 3185.47,1
1535,09:30:02,$ 3185.47,1
1536,09:30:02,$ 3185.47,5
1537,09:30:02,$ 3185.47,2
1538,09:30:02,$ 3185.47,1
1539,09:30:02,$ 3185.47,1
1540,09:30:02,$ 3185.47,5
1541,09:30:02,$ 3185.47,1
1542,09:30:02,$ 3185.47,2
1543,09:30:02,$ 3185.47,10
1544,09:30:02,$ 3185.47,1
1545,09:30:02,$ 3185.47,4
1546,09:30:02,$ 3185.47,1
1547,09:30:02,$ 3185.47,100
1548,09:30:02,$ 3185.47,79
1549,09:30:02,$ 3185.47,2
1550,09:30:02,$ 3185.47,1
1551,09:30:02,$ 3185.47,100
1552,09:30:02,$ 3185.47,1
1553,09:30:02,$ 3185.47,32
1555,09:30:02,$ 3185.47,30
1556,09:30:02,$ 3185.47,5
1557,09:30:02,$ 3185.47,2
1558,09:30:02,$ 3185.47,6
1559,09:30:02,$ 3185.47,1
1560,09:30:02,$ 3185.47,9
1561,09:30:02,$ 3185.47,1
1562,09:30:02,$ 3185.47,5
1563,09:30:02,$ 3185.47,1
1564,09:30:02,$ 3185.47,5
1565,09:30:02,$ 3185.47,2
1566,09:30:02,$ 3185.47,5
1567,09:30:02,$ 3185.47,1
1568,09:30:02,$ 3185.47,5
1569,09:30:02,$ 3185.47,16
1570,09:30:02,$ 3185.47,3
1571,09:30:02,$ 3185.47,1
1572,09:30:02,$ 3185.47,1
1573,09:30:02,$ 3185.47,5
1574,09:30:02,$ 3185.47,2
1576,09:30:02,$ 3185.47,1
1577,09:30:02,$ 3185.47,5
1578,09:30:02,$ 3185.47,1
1579,09:30:02,$ 3185.47,5
1580,09:30:02,$ 3185.47,2
1581,09:30:02,$ 3185.47,1
1582,09:30:02,$ 3185.47,6
1583,09:30:02,$ 3185.47,1
1584,09:30:02,$ 3185.47,15
1585,09:30:02,$ 3185.47,4
1586,09:30:02,$ 3185.47,1
1587,09:30:02,$ 3185.47,3
1588,09:30:02,$ 3185.47,1
1589,09:30:02,$ 3185.47,5
1590,09:30:02,$ 3185.47,2
1591,09:30:02,$ 3185.47,1
1592,09:30:02,$ 3185.47,1
1593,09:30:02,$ 3185.47,5
1594,09:30:02,$ 3185.47,16
1595,09:30:02,$ 3185.47,2
1597,09:30:02,$ 3185.47,1
1598,09:30:02,$ 3185.47,2
1599,09:30:02,$ 3185.47,3
1600,09:30:02,$ 3185.47,2
1601,09:30:02,$ 3185.47,1
1602,09:30:02,$ 3185.47,10
1603,09:30:02,$ 3185.47,6
1604,09:30:02,$ 3185.47,3
1605,09:30:02,$ 3185.47,100
1606,09:30:02,$ 3185.47,2
1607,09:30:02,$ 3185.47,2
1608,09:30:02,$ 3185.47,20
1609,09:30:02,$ 3185.47,1
1610,09:30:02,$ 3185.47,10
1611,09:30:02,$ 3185.47,3
1612,09:30:02,$ 3185.47,32
1613,09:30:02,$ 3185.47,19
1614,09:30:02,$ 3185.47,16
1615,09:30:02,$ 3185.47,62
1616,09:30:02,$ 3185.47,8
1618,09:30:02,$ 3185.47,29
1619,09:30:02,$ 3185.47,265
1620,09:30:02,$ 3185.47,2
1621,09:30:02,$ 3185.47,10
1622,09:30:02,$ 3185.47,15
1623,09:30:02,$ 3185.47,3
1624,09:30:02,$ 3185.47,1
1625,09:30:02,$ 3185.47,20
1626,09:30:02,$ 3185.47,1
1627,09:30:02,$ 3185.47,1
1628,09:30:02,$ 3185.47,3
1629,09:30:02,$ 3185.47,2
1630,09:30:02,$ 3185.47,4
1631,09:30:02,$ 3185.47,1
1632,09:30:02,$ 3185.47,10
1633,09:30:02,$ 3185.47,30
1634,09:30:02,$ 3185.47,36
1635,09:30:02,$ 3185.47,3
1636,09:30:02,$ 3185.47,3
1637,09:30:02,$ 3185.47,2
1639,09:30:02,$ 3185.47,100
1640,09:30:02,$ 3185.47,9
1641,09:30:02,$ 3185.47,5
1642,09:30:02,$ 3185.47,2
1643,09:30:02,$ 3185.47,5
1644,09:30:02,$ 3185.47,50
1645,09:30:02,$ 3185.47,1
1646,09:30:02,$ 3185.47,1
1647,09:30:02,$ 3185.47,1
1648,09:30:02,$ 3185.47,1
1649,09:30:02,$ 3185.47,1
1650,09:30:02,$ 3185.47,1
1651,09:30:02,$ 3185.47,2
1652,09:30:02,$ 3185.47,1
1653,09:30:02,$ 3185.47,2
1654,09:30:02,$ 3185.47,15
1655,09:30:02,$ 3185.47,3
1656,09:30:02,$ 3185.47,7
1657,09:30:02,$ 3185.47,1
1658,09:30:02,$ 3185.47,2
1660,09:30:02,$ 3185.47,1
1661,09:30:02,$ 3185.47,31
1662,09:30:02,$ 3185.47,1
1663,09:30:02,$ 3185.47,5
1664,09:30:02,$ 3185.47,16
1665,09:30:02,$ 3185.47,5
1666,09:30:02,$ 3185.47,10
1667,09:30:02,$ 3185.47,4
1668,09:30:02,$ 3185.47,3
1669,09:30:02,$ 3185.47,1
1670,09:30:02,$ 3185.47,2
1671,09:30:02,$ 3185.47,1
1672,09:30:02,$ 3185.47,1
1673,09:30:02,$ 3185.47,1
1674,09:30:02,$ 3185.47,50
1675,09:30:02,$ 3185.47,1
1676,09:30:02,$ 3185.47,4
1677,09:30:02,$ 3185.47,4
1678,09:30:02,$ 3185.47,1
1679,09:30:02,$ 3185.47,2
1681,09:30:02,$ 3185.47,15
1682,09:30:02,$ 3185.47,3
1683,09:30:02,$ 3185.47,5
1684,09:30:02,$ 3185.47,3
1685,09:30:02,$ 3185.47,15
1686,09:30:02,$ 3185.47,1
1687,09:30:02,$ 3185.47,2
1688,09:30:02,$ 3185.47,1
1689,09:30:02,$ 3185.47,6
1690,09:30:02,$ 3185.47,1
1691,09:30:02,$ 3185.47,600
1692,09:30:02,$ 3185.47,3
1693,09:30:02,$ 3185.47,20
1694,09:30:02,$ 3185.47,2
1695,09:30:02,$ 3185.47,20
1696,09:30:02,$ 3185.47,1
1697,09:30:02,$ 3185.47,20
1698,09:30:02,$ 3185.47,365
1699,09:30:02,$ 3185.47,2
1700,09:30:02,$ 3185.47,5
1702,09:30:02,$ 3185.47,3
1703,09:30:02,$ 3185.47,10
1704,09:30:02,$ 3185.47,3
1705,09:30:02,$ 3185.47,50
1706,09:30:02,$ 3185.47,7
1707,09:30:02,$ 3185.47,8
1708,09:30:02,$ 3185.47,2
1709,09:30:02,$ 3185.47,10
1710,09:30:02,$ 3185.47,329
1711,09:30:02,$ 3185.47,1
1712,09:30:02,$ 3185.47,10
1713,09:30:02,$ 3185.47,2
1714,09:30:02,$ 3185.47,3
1715,09:30:02,$ 3185.47,1
1716,09:30:02,$ 3185.47,1
1717,09:30:02,$ 3185.47,50
1718,09:30:02,$ 3185.47,1
1719,09:30:02,$ 3185.47,188
1720,09:30:02,$ 3185.47,6
1721,09:30:02,$ 3185.47,1
1723,09:30:02,$ 3185.47,5
1724,09:30:02,$ 3185.47,1
1725,09:30:02,$ 3185.47,60
1726,09:30:02,$ 3185.47,25
1727,09:30:02,$ 3185.47,10
1728,09:30:02,$ 3185.47,1
1729,09:30:02,$ 3185.47,10
1730,09:30:02,$ 3185.47,3
1731,09:30:02,$ 3185.47,1
1732,09:30:02,$ 3185.47,3
1733,09:30:02,$ 3185.47,6
1734,09:30:02,$ 3185.47,3
1735,09:30:02,$ 3185.47,6
1736,09:30:02,$ 3185.47,6
1737,09:30:02,$ 3185.47,8
1738,09:30:02,$ 3185.47,3
1739,09:30:02,$ 3185.47,23
1740,09:30:02,$ 3185.47,5
1741,09:30:02,$ 3185.47,1
1742,09:30:02,$ 3185.47,656
1744,09:30:02,$ 3185.47,2
1745,09:30:02,$ 3185.47,20
1746,09:30:02,$ 3185.47,5
1747,09:30:02,$ 3185.47,2
1748,09:30:02,$ 3185.47,6
1749,09:30:02,$ 3185.47,5
1750,09:30:02,$ 3185.47,2
1751,09:30:02,$ 3185.47,15
1752,09:30:02,$ 3185.47,16
1753,09:30:02,$ 3185.47,10
1754,09:30:02,$ 3185.47,5
1755,09:30:02,$ 3185.47,4
1756,09:30:02,$ 3185.47,500
1757,09:30:02,$ 3185.47,1
1758,09:30:02,$ 3185.47,1
1759,09:30:02,$ 3185.47,10
1760,09:30:02,$ 3185.47,2
1761,09:30:02,$ 3185.47,1
1762,09:30:02,$ 3185.47,3
1763,09:30:02,$ 3185.47,15
1765,09:30:02,$ 3185.47,1
1766,09:30:02,$ 3185.47,2
1767,09:30:02,$ 3185.47,12
1768,09:30:02,$ 3185.47,100
1769,09:30:02,$ 3185.47,3
1770,09:30:02,$ 3185.47,183
1771,09:30:02,$ 3185.47,60
1772,09:30:02,$ 3185.47,7
1773,09:30:02,$ 3185.47,30
1774,09:30:02,$ 3185.47,1
1775,09:30:02,$ 3185.47,10
1776,09:30:02,$ 3185.47,2
1777,09:30:02,$ 3185.47,1
1778,09:30:02,$ 3185.47,2
1779,09:30:02,$ 3185.47,2
1780,09:30:02,$ 3185.47,2
1781,09:30:02,$ 3185.47,2
1782,09:30:02,$ 3185.47,90
1783,09:30:02,$ 3185.47,8
1784,09:30:02,$ 3185.47,1
1786,09:30:02,$ 3185.47,3
1787,09:30:02,$ 3185.47,1
1788,09:30:02,$ 3185.47,5
1789,09:30:02,$ 3185.47,1
1790,09:30:02,$ 3185.47,1
1791,09:30:02,$ 3185.47,5
1792,09:30:02,$ 3185.47,5
1793,09:30:02,$ 3185.47,1
1794,09:30:02,$ 3185.47,1
1795,09:30:02,$ 3185.47,2
1796,09:30:02,$ 3185.47,7
1797,09:30:02,$ 3185.47,58
1798,09:30:02,$ 3185.47,1
1799,09:30:02,$ 3185.47,3
1800,09:30:02,$ 3185.47,93
1801,09:30:02,$ 3185.47,10
1802,09:30:02,$ 3185.47,3
1803,09:30:02,$ 3185.47,3
1804,09:30:02,$ 3185.47,8
1805,09:30:02,$ 3185.47,2
1807,09:30:02,$ 3185.47,5
1808,09:30:02,$ 3185.47,25
1809,09:30:02,$ 3185.47,1
1810,09:30:02,$ 3185.47,1
1811,09:30:02,$ 3185.47,10
1812,09:30:02,$ 3185.47,2
1813,09:30:02,$ 3185.47,16
1814,09:30:02,$ 3185.47,4
1815,09:30:02,$ 3185.47,3
1816,09:30:02,$ 3185.47,495
1817,09:30:02,$ 3185.47,5
1818,09:30:02,$ 3185.47,8
1819,09:30:02,$ 3185.47,10
1820,09:30:02,$ 3185.47,2
1821,09:30:02,$ 3185.47,33
1822,09:30:02,$ 3185.47,1
1823,09:30:02,$ 3185.47,3
1824,09:30:02,$ 3185.47,2
1825,09:30:02,$ 3185.47,1
1826,09:30:02,$ 3185.47,3
1828,09:30:02,$ 3185.47,1
1829,09:30:02,$ 3185.47,1
1830,09:30:02,$ 3185.47,6
1831,09:30:02,$ 3185.47,1
1832,09:30:02,$ 3185.47,2
1833,09:30:02,$ 3185.47,5
1834,09:30:02,$ 3185.47,2
1835,09:30:02,$ 3185.47,20
1836,09:30:02,$ 3185.47,1
1837,09:30:02,$ 3185.47,10
1838,09:30:02,$ 3185.47,1
1839,09:30:02,$ 3185.47,1
1840,09:30:02,$ 3185.47,14
1841,09:30:02,$ 3185.47,2
1842,09:30:02,$ 3185.47,1
1843,09:30:02,$ 3185.47,5
1844,09:30:02,$ 3185.47,1
1845,09:30:02,$ 3185.47,1
1846,09:30:02,$ 3185.47,1
1847,09:30:02,$ 3185.47,1
1849,09:30:02,$ 3185.47,1
1850,09:30:02,$ 3185.47,1
1851,09:30:02,$ 3185.47,4
1852,09:30:02,$ 3185.47,1
1853,09:30:02,$ 3185.47,4
1854,09:30:02,$ 3185.47,3
1855,09:30:02,$ 3185.47,4
1856,09:30:02,$ 3185.47,2
1857,09:30:02,$ 3185.47,32
1858,09:30:02,$ 3185.47,1
1859,09:30:02,$ 3185.47,1
1860,09:30:02,$ 3185.47,2
1861,09:30:02,$ 3185.47,10
1862,09:30:02,$ 3185.47,1
1863,09:30:02,$ 3185.47,1
1864,09:30:02,$ 3185.47,30
1865,09:30:02,$ 3185.47,16
1866,09:30:02,$ 3185.47,1
1867,09:30:02,$ 3185.47,20
1868,09:30:02,$ 3185.47,36
1870,09:30:02,$ 3185.47,5
1871,09:30:02,$ 3185.47,1
1872,09:30:02,$ 3185.47,1
1873,09:30:02,$ 3185.47,1
1874,09:30:02,$ 3185.47,6
1875,09:30:02,$ 3185.47,1
1876,09:30:02,$ 3185.47,1
1877,09:30:02,$ 3185.47,2
1878,09:30:02,$ 3185.47,1
1879,09:30:02,$ 3185.47,2
1880,09:30:02,$ 3185.47,4
1881,09:30:02,$ 3185.47,1
1882,09:30:02,$ 3185.47,2
1883,09:30:02,$ 3185.47,1
1884,09:30:02,$ 3185.47,1
1885,09:30:02,$ 3185.47,10
1886,09:30:02,$ 3185.47,1
1887,09:30:02,$ 3185.47,1
1888,09:30:02,$ 3185.47,5
1889,09:30:02,$ 3185.47,1
1891,09:30:02,$ 3185.47,1
1892,09:30:02,$ 3185.47,1
1893,09:30:02,$ 3185.47,1
1894,09:30:02,$ 3185.47,1
1895,09:30:02,$ 3185.47,1
1896,09:30:02,$ 3185.47,3
1897,09:30:02,$ 3185.47,3
1898,09:30:02,$ 3185.47,20
1899,09:30:02,$ 3185.47,3
1900,09:30:02,$ 3185.47,1
1901,09:30:02,$ 3185.47,1
1902,09:30:02,$ 3185.47,1
1903,09:30:02,$ 3185.47,10
1904,09:30:02,$ 3185.47,1
1905,09:30:02,$ 3185.47,2
1906,09:30:02,$ 3185.47,1
1907,09:30:02,$ 3185.47,5
1908,09:30:02,$ 3185.47,10
1909,09:30:02,$ 3185.47,5
1910,09:30:02,$ 3185.47,1
1912,09:30:02,$ 3185.47,10
1913,09:30:02,$ 3185.47,2
1914,09:30:02,$ 3185.47,2
1915,09:30:02,$ 3185.47,5
1916,09:30:02,$ 3185.47,2
1917,09:30:02,$ 3185.47,2
1918,09:30:02,$ 3185.47,7
1919,09:30:02,$ 3185.47,1
1920,09:30:02,$ 3185.47,2
1921,09:30:02,$ 3185.47,2
1922,09:30:02,$ 3185.47,40
1923,09:30:02,$ 3185.47,9
1924,09:30:02,$ 3185.47,4
1925,09:30:02,$ 3185.47,15
1926,09:30:02,$ 3185.47,1
1927,09:30:02,$ 3185.47,1
1928,09:30:02,$ 3185.47,4
1929,09:30:02,$ 3185.47,15
1930,09:30:02,$ 3185.47,7
1931,09:30:02,$ 3185.47,10
1933,09:30:02,$ 3185.47,2
1934,09:30:02,$ 3185.47,10
1935,09:30:02,$ 3185.47,8
1936,09:30:02,$ 3185.47,1
1937,09:30:02,$ 3185.47,6
1938,09:30:02,$ 3185.47,1
1939,09:30:02,$ 3185.47,3
1940,09:30:02,$ 3185.47,3
1941,09:30:02,$ 3185.47,14
1942,09:30:02,$ 3185.47,10
1943,09:30:02,$ 3185.47,1
1944,09:30:02,$ 3185.47,5
1945,09:30:02,$ 3185.47,3
1946,09:30:02,$ 3185.47,2
1947,09:30:02,$ 3185.47,5
1948,09:30:02,$ 3185.47,3
1949,09:30:02,$ 3185.47,1
1950,09:30:02,$ 3185.47,275
1951,09:30:02,$ 3185.47,3
1952,09:30:02,$ 3185.47,25
1954,09:30:02,$ 3185.47,13
1955,09:30:02,$ 3185.47,22
1956,09:30:02,$ 3185.47,1
1957,09:30:02,$ 3185.47,23
1958,09:30:02,$ 3185.47,1
1959,09:30:02,$ 3185.47,10
1960,09:30:02,$ 3185.47,1
1961,09:30:02,$ 3185.47,1
1962,09:30:02,$ 3185.47,10
1963,09:30:02,$ 3185.47,5
1964,09:30:02,$ 3185.47,3
1965,09:30:02,$ 3185.47,1
1966,09:30:02,$ 3185.47,1
1967,09:30:02,$ 3185.47,15
1968,09:30:02,$ 3185.47,88
1969,09:30:02,$ 3185.47,3
1970,09:30:02,$ 3185.47,1
1971,09:30:02,$ 3185.47,3
1972,09:30:02,$ 3185.47,1
1973,09:30:02,$ 3185.47,2
1975,09:30:02,$ 3185.47,1
1976,09:30:02,$ 3185.47,1
1977,09:30:02,$ 3185.47,10
1978,09:30:02,$ 3185.47,22
1979,09:30:02,$ 3185.47,1
1980,09:30:02,$ 3185.47,1
1981,09:30:02,$ 3185.47,1
1982,09:30:02,$ 3185.47,29
1983,09:30:02,$ 3185.47,1
1984,09:30:02,$ 3185.47,3
1985,09:30:02,$ 3185.47,5
1986,09:30:02,$ 3185.47,7
1987,09:30:02,$ 3185.47,1
1988,09:30:02,$ 3185.47,1
1989,09:30:02,$ 3185.47,30
1990,09:30:02,$ 3185.47,2
1991,09:30:02,$ 3185.47,10
1992,09:30:02,$ 3185.47,1
1993,09:30:02,$ 3185.47,92
1994,09:30:02,$ 3185.47,4
1996,09:30:02,$ 3185.47,2
1997,09:30:02,$ 3185.47,3
1998,09:30:02,$ 3185.47,2
1999,09:30:02,$ 3185.47,1
2000,09:30:02,$ 3185.47,8
2001,09:30:02,$ 3185.47,4
2002,09:30:02,$ 3185.47,3
2003,09:30:02,$ 3185.47,8
2004,09:30:02,$ 3185.47,5
2005,09:30:02,$ 3185.47,2
2006,09:30:02,$ 3185.47,2
2007,09:30:02,$ 3185.47,100
2008,09:30:02,$ 3185.47,1
2009,09:30:02,$ 3185.47,1
2010,09:30:02,$ 3185.47,10
2011,09:30:02,$ 3185.47,1
2012,09:30:02,$ 3185.47,1
2013,09:30:02,$ 3185.47,1
2014,09:30:02,$ 3185.47,1
2015,09:30:02,$ 3185.47,1
2017,09:30:02,$ 3185.47,5
2018,09:30:02,$ 3185.47,1
2019,09:30:02,$ 3185.47,2
2020,09:30:02,$ 3185.47,5
2021,09:30:02,$ 3185.47,5
2022,09:30:02,$ 3185.47,12
2023,09:30:02,$ 3185.47,3
2024,09:30:02,$ 3185.47,4
2025,09:30:02,$ 3185.47,5
2026,09:30:02,$ 3185.47,5
2027,09:30:02,$ 3185.47,2
2028,09:30:02,$ 3185.47,1
2029,09:30:02,$ 3185.47,1
2030,09:30:02,$ 3185.47,1
2031,09:30:02,$ 3185.47,4
2032,09:30:02,$ 3185.47,1
2033,09:30:02,$ 3185.47,2
2034,09:30:02,$ 3185.47,10
2035,09:30:02,$ 3185.47,1
2036,09:30:02,$ 3185.47,2
2038,09:30:02,$ 3185.47,4
2039,09:30:02,$ 3185.47,1
2040,09:30:02,$ 3185.47,1
2041,09:30:02,$ 3185.47,2
2042,09:30:02,$ 3185.47,3
2043,09:30:02,$ 3185.47,100
2044,09:30:02,$ 3185.47,8
2045,09:30:02,$ 3185.47,3
2046,09:30:02,$ 3185.47,1
2047,09:30:02,$ 3185.47,10
2048,09:30:02,$ 3185.47,3
2049,09:30:02,$ 3185.47,65
2050,09:30:02,$ 3185.47,10
2051,09:30:02,$ 3185.47,1
2052,09:30:02,$ 3185.47,1
2053,09:30:02,$ 3185.47,2
2054,09:30:02,$ 3185.47,6
2055,09:30:02,$ 3185.47,50
2056,09:30:02,$ 3185.47,1
2057,09:30:02,$ 3185.47,2
2059,09:30:02,$ 3185.47,1
2060,09:30:02,$ 3185.47,31
2061,09:30:02,$ 3185.47,6
2062,09:30:02,$ 3185.47,1
2063,09:30:02,$ 3185.47,3
2064,09:30:02,$ 3185.47,1
2065,09:30:02,$ 3185.47,1
2066,09:30:02,$ 3185.47,3
2067,09:30:02,$ 3185.47,1
2068,09:30:02,$ 3185.47,1
2069,09:30:02,$ 3185.47,3
2070,09:30:02,$ 3185.47,1
2071,09:30:02,$ 3185.47,3
2072,09:30:02,$ 3185.47,1
2073,09:30:02,$ 3185.47,5
2074,09:30:02,$ 3185.47,1
2075,09:30:02,$ 3185.47,15
2076,09:30:02,$ 3185.47,12
2077,09:30:02,$ 3185.47,3
2078,09:30:02,$ 3185.47,10
2080,09:30:02,$ 3185.47,1
2081,09:30:02,$ 3185.47,1
2082,09:30:02,$ 3185.47,3
2083,09:30:02,$ 3185.47,1
2084,09:30:02,$ 3185.47,1
2085,09:30:02,$ 3185.47,5
2086,09:30:02,$ 3185.47,5
2087,09:30:02,$ 3185.47,1
2088,09:30:02,$ 3185.47,3
2089,09:30:02,$ 3185.47,3
2090,09:30:02,$ 3185.47,2
2091,09:30:02,$ 3185.47,1
2092,09:30:02,$ 3185.47,1
2093,09:30:02,$ 3185.47,7
2094,09:30:02,$ 3185.47,1
2095,09:30:02,$ 3185.47,3
2096,09:30:02,$ 3185.47,1
2097,09:30:02,$ 3185.47,1
2098,09:30:02,$ 3185.47,20
2099,09:30:02,$ 3185.47,1
2101,09:30:02,$ 3185.47,1
2102,09:30:02,$ 3185.47,4
2103,09:30:02,$ 3185.47,3
2104,09:30:02,$ 3185.47,12
2105,09:30:02,$ 3185.47,1
2106,09:30:02,$ 3185.47,2
2107,09:30:02,$ 3185.47,1
2108,09:30:02,$ 3185.47,1
2109,09:30:02,$ 3185.47,2
2110,09:30:02,$ 3185.47,1
2111,09:30:02,$ 3185.47,2
2112,09:30:02,$ 3185.47,2
2113,09:30:02,$ 3185.47,1
2114,09:30:02,$ 3185.47,2
2115,09:30:02,$ 3185.47,1
2116,09:30:02,$ 3185.47,1
2117,09:30:02,$ 3185.47,5
2118,09:30:02,$ 3185.47,1
2119,09:30:02,$ 3185.47,2
2120,09:30:02,$ 3185.47,1
2122,09:30:02,$ 3185.47,5
2123,09:30:02,$ 3185.47,2
2124,09:30:02,$ 3185.47,5
2125,09:30:02,$ 3185.47,4
2126,09:30:02,$ 3185.47,1
2127,09:30:02,$ 3185.47,1
2128,09:30:02,$ 3185.47,3
2129,09:30:02,$ 3185.47,2
2130,09:30:02,$ 3185.47,5
2131,09:30:02,$ 3185.47,1
2132,09:30:02,$ 3185.47,2
2133,09:30:02,$ 3185.47,3
2134,09:30:02,$ 3185.47,1
2135,09:30:02,$ 3185.47,5
2136,09:30:02,$ 3185.47,4
2137,09:30:02,$ 3185.47,1
2138,09:30:02,$ 3185.47,1
2139,09:30:02,$ 3185.47,5
2140,09:30:02,$ 3185.47,1
2141,09:30:02,$ 3185.47,1
2143,09:30:02,$ 3185.47,1
2144,09:30:02,$ 3185.47,2
2145,09:30:02,$ 3185.47,1
2146,09:30:02,$ 3185.47,1
2147,09:30:02,$ 3185.47,1
2148,09:30:02,$ 3185.47,1
2149,09:30:02,$ 3185.47,3
2150,09:30:02,$ 3185.47,2
2151,09:30:02,$ 3185.47,17
2152,09:30:02,$ 3185.47,1
2153,09:30:02,$ 3185.47,4
2154,09:30:02,$ 3185.47,3
2155,09:30:02,$ 3185.47,1
2156,09:30:02,$ 3185.47,2
2157,09:30:02,$ 3185.47,2
2158,09:30:02,$ 3185.47,1
2159,09:30:02,$ 3185.47,16
2160,09:30:02,$ 3185.47,1
2161,09:30:02,$ 3185.47,1
2162,09:30:02,$ 3185.47,50
2164,09:30:02,$ 3185.47,2
2165,09:30:02,$ 3185.47,1
2166,09:30:02,$ 3185.47,1
2167,09:30:02,$ 3185.47,2
2168,09:30:02,$ 3185.47,5
2169,09:30:02,$ 3185.47,2
2170,09:30:02,$ 3185.47,1
2171,09:30:02,$ 3185.47,10
2172,09:30:02,$ 3185.47,25
2173,09:30:02,$ 3185.47,3
2174,09:30:02,$ 3185.47,1
2175,09:30:02,$ 3185.47,1
2176,09:30:02,$ 3185.47,3
2177,09:30:02,$ 3185.47,3
2178,09:30:02,$ 3185.47,33
2179,09:30:02,$ 3185.47,3
2180,09:30:02,$ 3185.47,1
2181,09:30:02,$ 3185.47,10
2182,09:30:02,$ 3185.47,1
2183,09:30:02,$ 3185.47,1
2185,09:30:02,$ 3185.47,2
2186,09:30:02,$ 3185.47,2
2187,09:30:02,$ 3185.47,3
2188,09:30:02,$ 3185.47,10
2189,09:30:02,$ 3185.47,10
2190,09:30:02,$ 3185.47,1
2191,09:30:02,$ 3185.47,10
2192,09:30:02,$ 3185.47,6
2193,09:30:02,$ 3185.47,2
2194,09:30:02,$ 3185.47,3
2195,09:30:02,$ 3185.47,1
2196,09:30:02,$ 3185.47,2
2197,09:30:02,$ 3185.47,2
2198,09:30:02,$ 3185.47,1
2199,09:30:02,$ 3185.47,3
2200,09:30:02,$ 3185.47,2
2201,09:30:02,$ 3185.47,3
2202,09:30:02,$ 3185.47,1
2203,09:30:02,$ 3185.47,1
2204,09:30:02,$ 3185.47,4
2206,09:30:02,$ 3185.47,1
2207,09:30:02,$ 3185.47,1
2208,09:30:02,$ 3185.47,2
2209,09:30:02,$ 3185.47,2
2210,09:30:02,$ 3185.47,5
2211,09:30:02,$ 3185.47,2
2212,09:30:02,$ 3185.47,1
2213,09:30:02,$ 3185.47,5
2214,09:30:02,$ 3185.47,1
2215,09:30:02,$ 3185.47,1
2216,09:30:02,$ 3185.47,3
2217,09:30:02,$ 3185.47,5
2218,09:30:02,$ 3185.47,2
2219,09:30:02,$ 3185.47,2
2220,09:30:02,$ 3185.47,8
2221,09:30:02,$ 3185.47,16
2222,09:30:02,$ 3185.47,3
2223,09:30:02,$ 3185.47,29
2224,09:30:02,$ 3185.47,4
2225,09:30:02,$ 3185.47,1
2227,09:30:02,$ 3185.47,1
2228,09:30:02,$ 3185.47,1
2229,09:30:02,$ 3185.47,3
2230,09:30:02,$ 3185.47,7
2231,09:30:02,$ 3185.47,4
2232,09:30:02,$ 3185.47,20
2233,09:30:02,$ 3185.47,1
2234,09:30:02,$ 3185.47,1
2235,09:30:02,$ 3185.47,2
2236,09:30:02,$ 3185.47,1
2237,09:30:02,$ 3185.47,1
2238,09:30:02,$ 3185.47,5
2239,09:30:02,$ 3185.47,1
2240,09:30:02,$ 3185.47,20
2241,09:30:02,$ 3185.47,1
2242,09:30:02,$ 3185.47,1
2243,09:30:02,$ 3185.47,16
2244,09:30:02,$ 3185.47,5
2245,09:30:02,$ 3185.47,2
2246,09:30:02,$ 3185.47,100
2248,09:30:02,$ 3185.47,2
2249,09:30:02,$ 3185.47,1
2250,09:30:02,$ 3185.47,1
2251,09:30:02,$ 3185.47,2
2252,09:30:02,$ 3185.47,1
2253,09:30:02,$ 3185.47,1
2254,09:30:02,$ 3185.47,5
2255,09:30:02,$ 3185.47,3
2256,09:30:02,$ 3185.47,3
2257,09:30:02,$ 3185.47,3
2258,09:30:02,$ 3185.47,2
2259,09:30:02,$ 3185.47,5
2260,09:30:02,$ 3185.47,4
2261,09:30:02,$ 3185.47,50
2262,09:30:02,$ 3185.47,1
2263,09:30:02,$ 3185.47,4
2264,09:30:02,$ 3185.47,1
2265,09:30:02,$ 3185.47,21
2266,09:30:02,$ 3185.47,10
2267,09:30:02,$ 3185.47,1
2269,09:30:02,$ 3185.47,193
2270,09:30:02,$ 3185.47,2
2271,09:30:02,$ 3185.47,4
2272,09:30:02,$ 3185.47,10
2273,09:30:02,$ 3185.47,30
2274,09:30:02,$ 3185.47,1
2275,09:30:02,$ 3185.47,5
2276,09:30:02,$ 3185.47,8
2277,09:30:02,$ 3185.47,1
2278,09:30:02,$ 3185.47,3
2279,09:30:02,$ 3185.47,2
2280,09:30:02,$ 3185.47,3
2281,09:30:02,$ 3185.47,5
2282,09:30:02,$ 3185.47,2
2283,09:30:02,$ 3185.47,1
2284,09:30:02,$ 3185.47,8
2285,09:30:02,$ 3185.47,1
2286,09:30:02,$ 3185.47,4
2287,09:30:02,$ 3185.47,4
2288,09:30:02,$ 3185.47,10
2290,09:30:02,$ 3185.47,1
2291,09:30:02,$ 3185.47,300
2292,09:30:02,$ 3185.47,31
2293,09:30:02,$ 3185.47,568
2294,09:30:02,$ 3185.47,94
2295,09:30:02,$ 3185.47,243
2296,09:30:02,$ 3185.47,63
2297,09:30:02,$ 3185.47,23
2298,09:30:02,$ 3185.47,15
2299,09:30:02,$ 3185.47,89
2300,09:30:02,$ 3185.47,78
2301,09:30:02,$ 3185.47,100
2302,09:30:02,$ 3185.47,100
2303,09:30:02,$ 3185.47,30
2304,09:30:02,$ 3185.47,1
2305,09:30:02,$ 3185.47,40
2306,09:30:02,$ 3185.47,2
2307,09:30:02,$ 3185.47,10
2308,09:30:02,$ 3185.47,1
2309,09:30:02,$ 3185.47,16
2311,09:30:02,$ 3185.47,100
2312,09:30:02,$ 3185.47,100
2313,09:30:02,$ 3185.47,10
2314,09:30:02,$ 3185.47,2
2315,09:30:02,$ 3185.47,5
2316,09:30:02,$ 3185.47,1
2317,09:30:02,$ 3185.47,1
2318,09:30:02,$ 3185.47,30
2319,09:30:02,$ 3185.47,50
2320,09:30:02,$ 3185.47,2
2321,09:30:02,$ 3185.47,1
2322,09:30:02,$ 3185.47,1
2323,09:30:02,$ 3185.47,2
2324,09:30:02,$ 3185.47,1
2325,09:30:02,$ 3185.47,100
2326,09:30:02,$ 3185.47,2
2327,09:30:02,$ 3185.47,75
2328,09:30:02,$ 3185.47,50
2329,09:30:02,$ 3185.47,1
2330,09:30:02,$ 3185.47,1
2332,09:30:02,$ 3185.47,1
2333,09:30:02,$ 3185.47,5
2334,09:30:02,$ 3185.47,2
2335,09:30:02,$ 3185.47,10
2336,09:30:02,$ 3185.47,5
2337,09:30:02,$ 3185.47,5
2338,09:30:02,$ 3185.47,100
2339,09:30:02,$ 3185.47,1
2340,09:30:02,$ 3185.47,5
2341,09:30:02,$ 3185.47,1
2342,09:30:02,$ 3185.47,2
2343,09:30:02,$ 3185.47,10
2344,09:30:02,$ 3185.47,1
2345,09:30:02,$ 3185.47,3
2346,09:30:02,$ 3185.47,3
2347,09:30:02,$ 3185.47,3
2348,09:30:02,$ 3185.47,1
2349,09:30:02,$ 3185.47,2
2350,09:30:02,$ 3185.47,20
2351,09:30:02,$ 3185.47,4
2353,09:30:02,$ 3185.47,5
2354,09:30:02,$ 3185.47,1
2355,09:30:02,$ 3185.47,1
2356,09:30:02,$ 3185.47,4
2357,09:30:02,$ 3185.47,5
2358,09:30:02,$ 3185.47,1
2359,09:30:02,$ 3185.47,1
2360,09:30:02,$ 3185.47,3
2361,09:30:02,$ 3185.47,40
2362,09:30:02,$ 3185.47,10
2363,09:30:02,$ 3185.47,10
2364,09:30:02,$ 3185.47,20
2365,09:30:02,$ 3185.47,5
2366,09:30:02,$ 3185.47,1
2367,09:30:02,$ 3185.47,2
2368,09:30:02,$ 3185.47,1
2369,09:30:02,$ 3185.47,1
2370,09:30:02,$ 3185.47,10
2371,09:30:02,$ 3185.47,1
2372,09:30:02,$ 3185.47,3
2374,09:30:02,$ 3185.47,1
2375,09:30:02,$ 3185.47,5
2376,09:30:02,$ 3185.47,1
2377,09:30:02,$ 3185.47,1
2378,09:30:02,$ 3185.47,1
2379,09:30:02,$ 3185.47,2
2380,09:30:02,$ 3185.47,187
2381,09:30:02,$ 3185.47,1
2382,09:30:02,$ 3185.47,3
2383,09:30:02,$ 3185.47,1
2384,09:30:02,$ 3185.47,1
2385,09:30:02,$ 3185.47,5
2386,09:30:02,$ 3185.47,1
2387,09:30:02,$ 3185.47,10
2388,09:30:02,$ 3185.47,10
2389,09:30:02,$ 3185.47,1
2390,09:30:02,$ 3185.47,203
2391,09:30:02,$ 3185.47,31
2392,09:30:02,$ 3185.47,1
2393,09:30:02,$ 3185.47,10
2395,09:30:02,$ 3185.47,1
2396,09:30:02,$ 3185.47,3
2397,09:30:02,$ 3185.47,1
2398,09:30:02,$ 3185.47,31
2399,09:30:02,$ 3185.47,1
2400,09:30:02,$ 3185.47,5
2401,09:30:02,$ 3185.47,1
2402,09:30:02,$ 3185.47,1
2403,09:30:02,$ 3185.47,25
2404,09:30:02,$ 3185.47,1
2405,09:30:02,$ 3185.47,1
2406,09:30:02,$ 3185.47,1
2407,09:30:02,$ 3185.47,1
2408,09:30:02,$ 3185.47,10
2409,09:30:02,$ 3185.47,1
2410,09:30:02,$ 3185.47,5
2411,09:30:02,$ 3185.47,138
2412,09:30:02,$ 3185.47,5
2413,09:30:02,$ 3185.47,15
2414,09:30:02,$ 3185.47,"4,834"
2416,09:30:02,$ 3185.47,5
2417,09:30:02,$ 3185.47,2
2418,09:30:02,$ 3185.47,2
2419,09:30:02,$ 3185.47,9
2420,09:30:02,$ 3185.47,2
2421,09:30:02,$ 3185.47,18
2422,09:30:02,$ 3185.47,3
2423,09:30:02,$ 3185.47,2
2424,09:30:02,$ 3185.47,3
2425,09:30:02,$ 3185.47,1
2426,09:30:02,$ 3185.47,40
2427,09:30:02,$ 3185.47,1
2428,09:30:02,$ 3185.47,5
2429,09:30:02,$ 3185.47,5
2430,09:30:02,$ 3185.47,40
2431,09:30:02,$ 3185.47,26
2432,09:30:02,$ 3185.47,1
2433,09:30:02,$ 3185.47,1
2434,09:30:02,$ 3185.47,15
2435,09:30:02,$ 3185.47,2
2437,09:30:02,$ 3185.47,10
2438,09:30:02,$ 3185.47,33
2439,09:30:02,$ 3185.47,16
2440,09:30:02,$ 3185.47,5
2441,09:30:02,$ 3185.47,7
2442,09:30:02,$ 3185.47,3
2443,09:30:02,$ 3185.47,10
2444,09:30:02,$ 3185.47,107
2445,09:30:02,$ 3185.47,1
2446,09:30:02,$ 3185.47,1
2447,09:30:02,$ 3185.47,1
2448,09:30:02,$ 3185.47,1
2449,09:30:02,$ 3185.47,5
2450,09:30:02,$ 3185.47,3
2451,09:30:02,$ 3185.47,1
2452,09:30:02,$ 3185.47,11
2453,09:30:02,$ 3185.47,9
2454,09:30:02,$ 3185.47,1
2455,09:30:02,$ 3185.47,4
2456,09:30:02,$ 3185.47,200
2458,09:30:02,$ 3185.47,5
2459,09:30:02,$ 3185.47,2
2460,09:30:02,$ 3185.47,5
2461,09:30:02,$ 3185.47,23
2462,09:30:02,$ 3185.47,1
2463,09:30:02,$ 3185.47,986
2464,09:30:02,$ 3185.47,45
2465,09:30:02,$ 3185.47,1
2466,09:30:02,$ 3185.47,1
2467,09:30:02,$ 3185.47,1
2468,09:30:02,$ 3185.47,1
2469,09:30:02,$ 3185.47,10
2470,09:30:02,$ 3185.47,1
2471,09:30:02,$ 3185.47,2
2472,09:30:02,$ 3185.47,1
2473,09:30:02,$ 3185.47,1
2474,09:30:02,$ 3185.47,11
2475,09:30:02,$ 3185.47,1
2476,09:30:02,$ 3185.47,1
2477,09:30:02,$ 3185.47,1
2479,09:30:02,$ 3185.47,2
2480,09:30:02,$ 3185.47,1
2481,09:30:02,$ 3185.47,6
2482,09:30:02,$ 3185.47,1
2483,09:30:02,$ 3185.47,4
2484,09:30:02,$ 3185.47,1
2485,09:30:02,$ 3185.47,1
2486,09:30:02,$ 3185.47,1
2487,09:30:02,$ 3185.47,4
2488,09:30:02,$ 3185.47,1
2489,09:30:02,$ 3185.47,1
2490,09:30:02,$ 3185.47,2
2491,09:30:02,$ 3185.47,1
2492,09:30:02,$ 3185.47,1
2493,09:30:02,$ 3185.47,1
2494,09:30:02,$ 3185.47,1
2495,09:30:02,$ 3185.47,5
2496,09:30:02,$ 3185.47,2
2497,09:30:02,$ 3185.47,1
2498,09:30:02,$ 3185.47,1
2500,09:30:02,$ 3185.47,2
2501,09:30:02,$ 3185.47,1
2502,09:30:02,$ 3185.47,2
2503,09:30:02,$ 3185.47,10
2504,09:30:02,$ 3185.47,1
2505,09:30:02,$ 3185.47,1
2506,09:30:02,$ 3185.47,1
2507,09:30:02,$ 3185.47,1
2508,09:30:02,$ 3185.47,1
2509,09:30:02,$ 3185.47,1
2510,09:30:02,$ 3185.47,1
2511,09:30:02,$ 3185.47,1
2512,09:30:02,$ 3185.47,8
2513,09:30:02,$ 3185.47,4
2514,09:30:02,$ 3185.47,1
2515,09:30:02,$ 3185.47,10
2516,09:30:02,$ 3185.47,1
2517,09:30:02,$ 3185.47,1
2518,09:30:02,$ 3185.47,1
2519,09:30:02,$ 3185.47,4
2521,09:30:02,$ 3185.47,1
2522,09:30:02,$ 3185.47,1
2523,09:30:02,$ 3185.47,1
2524,09:30:02,$ 3185.47,1
2525,09:30:02,$ 3185.47,2
2526,09:30:02,$ 3185.47,5
2527,09:30:02,$ 3185.47,1
2528,09:30:02,$ 3185.47,1
2529,09:30:02,$ 3185.47,1
2530,09:30:02,$ 3185.47,1
2531,09:30:02,$ 3185.47,46
2532,09:30:02,$ 3185.47,1
2533,09:30:02,$ 3185.47,1
2534,09:30:02,$ 3185.47,11
2535,09:30:02,$ 3185.47,7
2536,09:30:02,$ 3185.47,4
2537,09:30:02,$ 3185.47,4
2538,09:30:02,$ 3185.47,3
2539,09:30:02,$ 3185.47,30
2540,09:30:02,$ 3185.47,5
2542,09:30:02,$ 3185.47,1
2543,09:30:02,$ 3185.47,6
2544,09:30:02,$ 3185.47,5
2545,09:30:02,$ 3185.47,5
2546,09:30:02,$ 3185.47,1
2547,09:30:02,$ 3185.47,5
2548,09:30:02,$ 3185.47,2
2549,09:30:02,$ 3185.47,2
2550,09:30:02,$ 3185.47,5
2551,09:30:02,$ 3185.47,3
2552,09:30:02,$ 3185.47,2
2553,09:30:02,$ 3185.47,1
2554,09:30:02,$ 3185.47,1
2555,09:30:02,$ 3185.47,1
2556,09:30:02,$ 3185.47,1
2557,09:30:02,$ 3185.47,2
2558,09:30:02,$ 3185.47,3
2559,09:30:02,$ 3185.47,4
2560,09:30:02,$ 3185.47,10
2561,09:30:02,$ 3185.47,5
2563,09:30:02,$ 3185.47,10
2564,09:30:02,$ 3185.47,10
2565,09:30:02,$ 3185.47,1
2566,09:30:02,$ 3185.47,5
2567,09:30:02,$ 3185.47,1
2568,09:30:02,$ 3185.47,1
2569,09:30:02,$ 3185.47,1
2570,09:30:02,$ 3185.47,1
2571,09:30:02,$ 3185.47,20
2572,09:30:02,$ 3185.47,10
2573,09:30:02,$ 3185.47,1
2574,09:30:02,$ 3185.47,6
2575,09:30:02,$ 3185.47,1
2576,09:30:02,$ 3185.47,1
2577,09:30:02,$ 3185.47,1
2578,09:30:02,$ 3185.47,2
2579,09:30:02,$ 3185.47,10
2580,09:30:02,$ 3185.47,1
2581,09:30:02,$ 3185.47,2
2582,09:30:02,$ 3185.47,10
2584,09:30:02,$ 3185.47,2
2585,09:30:02,$ 3185.47,2
2586,09:30:02,$ 3185.47,1
2587,09:30:02,$ 3185.47,1
2588,09:30:02,$ 3185.47,1
2589,09:30:02,$ 3185.47,4
2590,09:30:02,$ 3185.47,19
2591,09:30:02,$ 3185.47,5
2592,09:30:02,$ 3185.47,1
2593,09:30:02,$ 3185.47,3
2594,09:30:02,$ 3185.47,15
2595,09:30:02,$ 3185.47,11
2596,09:30:02,$ 3185.47,1
2597,09:30:02,$ 3185.47,2
2598,09:30:02,$ 3185.47,1
2599,09:30:02,$ 3185.47,2
2600,09:30:02,$ 3185.47,1
2601,09:30:02,$ 3185.47,4
2602,09:30:02,$ 3185.47,10
2603,09:30:02,$ 3185.47,10
2605,09:30:02,$ 3185.47,1
2606,09:30:02,$ 3185.47,1
2607,09:30:02,$ 3185.47,1
2608,09:30:02,$ 3185.47,11
2609,09:30:02,$ 3185.47,1
2610,09:30:02,$ 3185.47,6
2611,09:30:02,$ 3185.47,3
2612,09:30:02,$ 3185.47,1
2613,09:30:02,$ 3185.47,2
2614,09:30:02,$ 3185.47,2
2615,09:30:02,$ 3185.47,2
2616,09:30:02,$ 3185.47,1
2617,09:30:02,$ 3185.47,10
2618,09:30:02,$ 3185.47,60
2619,09:30:02,$ 3185.47,2
2620,09:30:02,$ 3185.47,2
2621,09:30:02,$ 3185.47,2
2622,09:30:02,$ 3185.47,2
2623,09:30:02,$ 3185.47,1
2624,09:30:02,$ 3185.47,2
2626,09:30:02,$ 3185.47,15
2627,09:30:02,$ 3185.47,3
2628,09:30:02,$ 3185.47,2
2629,09:30:02,$ 3185.47,10
2630,09:30:02,$ 3185.47,2
2631,09:30:02,$ 3185.47,5
2632,09:30:02,$ 3185.47,5
2633,09:30:02,$ 3185.47,1
2634,09:30:02,$ 3185.47,5
2635,09:30:02,$ 3185.47,10
2636,09:30:02,$ 3185.47,2
2637,09:30:02,$ 3185.47,3
2638,09:30:02,$ 3185.47,1
2639,09:30:02,$ 3185.47,3
2640,09:30:02,$ 3185.47,2
2641,09:30:02,$ 3185.47,2
2642,09:30:02,$ 3185.47,8
2643,09:30:02,$ 3185.47,4
2644,09:30:02,$ 3185.47,1
2645,09:30:02,$ 3185.47,1
2647,09:30:02,$ 3185.47,1
2648,09:30:02,$ 3185.47,8
2649,09:30:02,$ 3185.47,1
2650,09:30:02,$ 3185.47,5
2651,09:30:02,$ 3185.47,1
2652,09:30:02,$ 3185.47,8
2653,09:30:02,$ 3185.47,3
2654,09:30:02,$ 3185.47,5
2655,09:30:02,$ 3185.47,2
2656,09:30:02,$ 3185.47,6
2657,09:30:02,$ 3185.47,1
2658,09:30:02,$ 3185.47,1
2659,09:30:02,$ 3185.47,10
2660,09:30:02,$ 3185.47,2
2661,09:30:02,$ 3185.47,1
2662,09:30:02,$ 3185.47,16
2663,09:30:02,$ 3185.47,18
2664,09:30:02,$ 3185.47,1
2665,09:30:02,$ 3185.47,2
2666,09:30:02,$ 3185.47,1
2668,09:30:02,$ 3185.47,1
2669,09:30:02,$ 3185.47,1
2670,09:30:02,$ 3185.47,1
2671,09:30:02,$ 3185.47,5
2672,09:30:02,$ 3185.47,8
2673,09:30:02,$ 3185.47,2
2674,09:30:02,$ 3185.47,1
2675,09:30:02,$ 3185.47,1
2676,09:30:02,$ 3185.47,1
2677,09:30:02,$ 3185.47,1
2678,09:30:02,$ 3185.47,1
2679,09:30:02,$ 3185.47,5
2680,09:30:02,$ 3185.47,2
2681,09:30:02,$ 3185.47,1
2682,09:30:02,$ 3185.47,5
2683,09:30:02,$ 3185.47,2
2684,09:30:02,$ 3185.47,1
2685,09:30:02,$ 3185.47,1
2686,09:30:02,$ 3185.47,1
2687,09:30:02,$ 3185.47,8
2689,09:30:02,$ 3185.47,2
2690,09:30:02,$ 3185.47,1
2691,09:30:02,$ 3185.47,5
2692,09:30:02,$ 3185.47,2
2693,09:30:02,$ 3185.47,12
2694,09:30:02,$ 3185.47,2
2695,09:30:02,$ 3185.47,2
2696,09:30:02,$ 3185.47,7
2697,09:30:02,$ 3185.47,1
2698,09:30:02,$ 3185.47,1
2699,09:30:02,$ 3185.47,1
2700,09:30:02,$ 3185.47,2
2701,09:30:02,$ 3185.47,10
2702,09:30:02,$ 3185.47,1
2703,09:30:02,$ 3185.47,100
2704,09:30:02,$ 3185.47,30
2705,09:30:02,$ 3185.47,4
2706,09:30:02,$ 3185.47,50
2707,09:30:02,$ 3185.47,25
2708,09:30:02,$ 3185.47,5
2710,09:30:02,$ 3185.47,16
2711,09:30:02,$ 3185.47,4
2712,09:30:02,$ 3185.47,3
2713,09:30:02,$ 3185.47,19
2714,09:30:02,$ 3185.47,1
2715,09:30:02,$ 3185.47,1
2716,09:30:02,$ 3185.47,10
2717,09:30:02,$ 3185.47,56
2718,09:30:02,$ 3185.47,100
2719,09:30:02,$ 3185.47,1
2720,09:30:02,$ 3185.47,10
2721,09:30:02,$ 3185.47,5
2722,09:30:02,$ 3185.47,100
2723,09:30:02,$ 3185.47,1
2724,09:30:02,$ 3185.47,100
2725,09:30:02,$ 3185.47,10
2726,09:30:02,$ 3185.47,25
2727,09:30:02,$ 3185.47,23
2728,09:30:02,$ 3185.47,1
2729,09:30:02,$ 3185.47,10
2731,09:30:02,$ 3185.47,2
2732,09:30:02,$ 3185.47,18
2733,09:30:02,$ 3185.47,85
2734,09:30:02,$ 3185.47,5
2735,09:30:02,$ 3185.47,1
2736,09:30:02,$ 3185.47,3
2737,09:30:02,$ 3185.47,5
2738,09:30:02,$ 3185.47,2
2739,09:30:02,$ 3185.47,7
2740,09:30:02,$ 3185.47,3
2741,09:30:02,$ 3185.47,1
2742,09:30:02,$ 3185.47,1
2743,09:30:02,$ 3185.47,1
2744,09:30:02,$ 3185.47,1
2745,09:30:02,$ 3185.47,4
2746,09:30:02,$ 3185.47,5
2747,09:30:02,$ 3185.47,3
2748,09:30:02,$ 3185.47,4
2749,09:30:02,$ 3185.47,1
2750,09:30:02,$ 3185.47,6
2752,09:30:02,$ 3185.47,2
2753,09:30:02,$ 3185.47,4
2754,09:30:02,$ 3185.47,6
2755,09:30:02,$ 3185.47,5
2756,09:30:02,$ 3185.47,5
2757,09:30:02,$ 3185.47,9
2758,09:30:02,$ 3185.47,5
2759,09:30:02,$ 3185.47,35
2760,09:30:02,$ 3185.47,151
2761,09:30:02,$ 3185.47,3
2762,09:30:02,$ 3185.47,1
2763,09:30:02,$ 3185.47,1
2764,09:30:02,$ 3185.47,1
2765,09:30:02,$ 3185.47,9
2766,09:30:02,$ 3185.47,10
2767,09:30:02,$ 3185.47,12
2768,09:30:02,$ 3185.47,2
2769,09:30:02,$ 3185.47,16
2770,09:30:02,$ 3185.47,1
2771,09:30:02,$ 3185.47,1
2773,09:30:02,$ 3185.47,1
2774,09:30:02,$ 3185.47,4
2775,09:30:02,$ 3185.47,130
2776,09:30:02,$ 3185.47,200
2777,09:30:02,$ 3185.47,2
2778,09:30:02,$ 3185.47,25
2779,09:30:02,$ 3185.47,5
2780,09:30:02,$ 3185.47,1
2781,09:30:02,$ 3185.47,1
2782,09:30:02,$ 3185.47,20
2783,09:30:02,$ 3185.47,2
2784,09:30:02,$ 3185.47,1
2785,09:30:02,$ 3185.47,1
2786,09:30:02,$ 3185.47,1
2787,09:30:02,$ 3185.47,8
2788,09:30:02,$ 3185.47,20
2789,09:30:02,$ 3185.47,16
2790,09:30:02,$ 3185.47,3
2791,09:30:02,$ 3185.47,2
2792,09:30:02,$ 3185.47,1
2794,09:30:02,$ 3185.47,5
2795,09:30:02,$ 3185.47,20
2796,09:30:02,$ 3185.47,20
2797,09:30:02,$ 3185.47,15
2798,09:30:02,$ 3185.47,1
2799,09:30:02,$ 3185.47,1
2800,09:30:02,$ 3185.47,16
2801,09:30:02,$ 3185.47,5
2802,09:30:02,$ 3185.47,106
2803,09:30:02,$ 3185.47,10
2804,09:30:02,$ 3185.47,7
2805,09:30:02,$ 3185.47,124
2806,09:30:02,$ 3185.47,3
2807,09:30:02,$ 3185.47,2
2808,09:30:02,$ 3185.47,4
2809,09:30:02,$ 3185.47,15
2810,09:30:02,$ 3185.47,1
2811,09:30:02,$ 3185.47,1
2812,09:30:02,$ 3185.47,25
2813,09:30:02,$ 3185.47,19
2815,09:30:02,$ 3185.47,100
2816,09:30:02,$ 3185.47,100
2817,09:30:02,$ 3185.47,182
2818,09:30:02,$ 3185.47,2
2819,09:30:02,$ 3185.47,2
2820,09:30:02,$ 3185.47,2
2821,09:30:02,$ 3185.47,20
2822,09:30:02,$ 3185.47,9
2823,09:30:02,$ 3185.47,31
2824,09:30:02,$ 3185.47,5
2825,09:30:02,$ 3185.47,10
2826,09:30:02,$ 3185.47,639
2827,09:30:02,$ 3185.47,3
2828,09:30:02,$ 3185.47,10
2829,09:30:02,$ 3185.47,1
2830,09:30:02,$ 3185.47,10
2831,09:30:02,$ 3185.47,3
2832,09:30:02,$ 3185.47,104
2833,09:30:02,$ 3185.47,10
2834,09:30:02,$ 3185.47,10
2836,09:30:02,$ 3185.47,4
2837,09:30:02,$ 3185.47,1
2838,09:30:02,$ 3185.47,100
2839,09:30:02,$ 3185.47,"1,149"
2840,09:30:02,$ 3185.47,1
2841,09:30:02,$ 3185.47,4
2842,09:30:02,$ 3185.47,1
2843,09:30:02,$ 3185.47,1
2844,09:30:02,$ 3185.47,2
2845,09:30:02,$ 3185.47,1
2846,09:30:02,$ 3185.47,700
2847,09:30:02,$ 3185.47,100
2848,09:30:02,$ 3185.47,1
2849,09:30:02,$ 3185.47,47
2850,09:30:02,$ 3185.30,100
2851,09:30:02,$ 3185.47,25
2852,09:30:02,$ 3185.47,12
2853,09:30:02,$ 3185.47,10
2854,09:30:02,$ 3185.47,34
2855,09:30:02,$ 3185.47,100
2857,09:30:02,$ 3185.47,12
2858,09:30:02,$ 3185.47,1
2859,09:30:02,$ 3185.47,10
2861,10:29:58,$ 3175.12,100
2862,10:29:54,$ 3174.00,500
2863,10:29:40,$ 3175.00,100
2864,10:29:35,$ 3174.2041,100
2865,10:29:15,$ 3172.23,100
2866,10:29:11,$ 3173.39,100
2867,10:29:04,$ 3173.4316,100
2868,10:28:58,$ 3172.40,100
2869,10:28:55,$ 3173.00,200
2870,10:28:53,$ 3172.41,100
2871,10:28:46,$ 3170.79,300
2872,10:28:33,$ 3172.1105,500
2873,10:28:31,$ 3170.78,100
2874,10:28:30,$ 3170.29,100
2875,10:28:29,$ 3170.05,100
2876,10:28:22,$ 3170.80,129
2877,10:28:22,$ 3170.80,100
2878,10:28:20,$ 3170.63,100
2879,10:28:20,$ 3169.97,100
2880,10:28:16,$ 3169.34,100
2882,10:27:58,$ 3171.94,178
2883,10:27:41,$ 3174.6706,100
2884,10:27:35,$ 3174.2896,"1,000"
2885,10:27:34,$ 3173.855,"1,000"
2886,10:27:28,$ 3172.96,100
2887,10:27:23,$ 3171.94,100
2888,10:27:23,$ 3171.94,100
2889,10:27:23,$ 3172.08,100
2890,10:27:17,$ 3171.92,100
2891,10:27:17,$ 3171.87,100
2892,10:27:13,$ 3172.22,100
2893,10:26:58,$ 3172.835,100
2894,10:26:50,$ 3172.50,118
2895,10:26:50,$ 3172.50,100
2896,10:26:50,$ 3172.50,100
2897,10:26:50,$ 3172.50,151
2898,10:26:40,$ 3173.6766,"1,000"
2899,10:26:35,$ 3174.975,"1,000"
2900,10:26:07,$ 3172.90,100
2901,10:26:04,$ 3172.00,500
2903,10:26:00,$ 3174.00,100
2904,10:26:00,$ 3174.24,100
2905,10:25:38,$ 3176.8978,190
2906,10:25:30,$ 3176.38,100
2907,10:25:27,$ 3177.96,250
2908,10:25:05,$ 3177.30,100
2909,10:25:01,$ 3177.52,100
2910,10:25:00,$ 3178.26,100
2911,10:24:57,$ 3177.62,100
2912,10:24:57,$ 3177.60,100
2913,10:24:57,$ 3177.54,100
2914,10:24:57,$ 3177.71,100
2915,10:24:57,$ 3177.52,100
2916,10:24:57,$ 3177.52,107
2917,10:24:53,$ 3178.58,100
2918,10:24:53,$ 3178.63,180
2919,10:24:23,$ 3176.9001,757
2920,10:24:18,$ 3177.60,100
2921,10:24:15,$ 3178.45,500
2922,10:24:09,$ 3178.435,100
2924,10:24:09,$ 3176.9001,200
2925,10:24:06,$ 3179.1868,"1,000"
2926,10:24:05,$ 3178.995,100
2927,10:24:03,$ 3178.80,100
2928,10:24:03,$ 3179.14,100
2929,10:23:59,$ 3178.86,100
2930,10:23:56,$ 3177.43,100
2931,10:23:50,$ 3177.435,100
2932,10:23:50,$ 3177.445,100
2933,10:23:50,$ 3177.755,100
2934,10:23:50,$ 3177.265,100
2935,10:23:44,$ 3175.50,474
2936,10:23:17,$ 3172.6001,175
2937,10:23:15,$ 3173.8675,100
2938,10:23:01,$ 3174.39,105
2939,10:22:44,$ 3173.50,400
2940,10:22:37,$ 3173.70,115
2941,10:22:24,$ 3173.00,100
2942,10:22:18,$ 3173.0101,278
2943,10:22:00,$ 3173.49,100
2945,10:21:59,$ 3172.49,100
2946,10:21:54,$ 3172.00,100
2947,10:21:52,$ 3172.85,100
2948,10:21:44,$ 3172.84,100
2949,10:21:24,$ 3173.195,100
2950,10:21:18,$ 3173.00,158
2951,10:21:18,$ 3173.00,100
2952,10:21:18,$ 3173.00,100
2953,10:21:18,$ 3173.00,100
2954,10:21:10,$ 3174.99,300
2955,10:21:08,$ 3173.94,100
2956,10:20:58,$ 3174.00,100
2957,10:20:52,$ 3172.995,100
2958,10:20:52,$ 3174.00,100
2959,10:20:52,$ 3174.00,100
2960,10:20:51,$ 3172.00,176
2961,10:20:48,$ 3173.11,100
2962,10:20:48,$ 3173.98,200
2963,10:20:46,$ 3173.14,100
2964,10:20:39,$ 3174.00,100
2966,10:20:38,$ 3174.32,100
2967,10:20:36,$ 3174.80,100
2968,10:20:33,$ 3175.00,100
2969,10:20:33,$ 3175.00,231
2970,10:20:33,$ 3175.00,494
2971,10:20:25,$ 3176.93,100
2972,10:20:23,$ 3177.47,100
2973,10:20:18,$ 3176.94,100
2974,10:20:11,$ 3177.40,100
2975,10:20:11,$ 3177.41,150
2976,10:20:11,$ 3177.41,148
2977,10:20:10,$ 3176.00,100
2978,10:20:04,$ 3176.295,115
2979,10:19:53,$ 3178.00,100
2980,10:19:53,$ 3178.21,100
2981,10:19:53,$ 3178.00,100
2982,10:19:53,$ 3178.21,100
2983,10:19:47,$ 3178.78,100
2984,10:19:46,$ 3178.62,100
2985,10:19:35,$ 3178.00,139
2987,10:19:34,$ 3178.0001,200
2988,10:19:32,$ 3179.525,100
2989,10:19:32,$ 3178.975,100
2990,10:19:31,$ 3179.49,100
2991,10:19:28,$ 3179.16,100
2992,10:19:20,$ 3180.27,100
2993,10:19:17,$ 3178.6264,142
2994,10:19:17,$ 3178.73,100
2995,10:19:16,$ 3179.56,100
2996,10:19:16,$ 3179.43,"1,000"
2997,10:19:15,$ 3179.0088,"1,000"
2998,10:19:14,$ 3179.52,100
2999,10:19:14,$ 3179.56,100
3000,10:19:13,$ 3179.41,100
3001,10:19:13,$ 3179.56,100
3002,10:19:13,$ 3179.26,100
3003,10:19:10,$ 3179.5255,100
3004,10:19:07,$ 3179.56,100
3005,10:19:06,$ 3180.635,"1,000"
3006,10:19:06,$ 3180.00,100
3008,10:19:06,$ 3180.26,100
3009,10:19:06,$ 3180.27,100
3010,10:19:06,$ 3180.27,100
3011,10:19:06,$ 3180.25,100
3012,10:19:06,$ 3180.00,100
3013,10:19:06,$ 3180.255,100
3014,10:19:06,$ 3180.15,100
3015,10:19:06,$ 3180.30,100
3016,10:19:06,$ 3180.30,100
3017,10:19:06,$ 3182.2782,"1,000"
3018,10:19:05,$ 3180.62,100
3019,10:19:05,$ 3181.61,100
3020,10:19:04,$ 3181.65,100
3021,10:19:03,$ 3181.61,100
3022,10:19:03,$ 3181.61,100
3023,10:18:58,$ 3181.015,100
3024,10:18:58,$ 3180.59,100
3025,10:18:56,$ 3180.20,100
3026,10:18:46,$ 3180.37,100
3027,10:18:46,$ 3183.06,176
3029,10:18:28,$ 3182.79,100
3030,10:17:55,$ 3184.2273,100
3031,10:17:53,$ 3183.00,100
3032,10:17:53,$ 3182.80,100
3033,10:17:49,$ 3182.80,109
3034,10:17:48,$ 3184.6586,100
3035,10:17:43,$ 3183.69,100
3036,10:17:43,$ 3183.69,100
3037,10:17:27,$ 3182.97,457
3038,10:17:09,$ 3180.995,115
3039,10:17:07,$ 3181.94,127
3040,10:16:58,$ 3181.40,100
3041,10:16:43,$ 3180.1346,115
3042,10:16:42,$ 3180.138,100
3043,10:16:35,$ 3182.144,200
3044,10:16:35,$ 3182.144,100
3045,10:16:35,$ 3181.9899,100
3046,10:16:35,$ 3181.98,100
3047,10:16:34,$ 3182.00,180
3048,10:16:34,$ 3181.3595,314
3050,10:16:34,$ 3181.50,180
3051,10:16:34,$ 3181.13,100
3052,10:16:34,$ 3181.63,100
3053,10:16:34,$ 3181.98,100
3054,10:16:33,$ 3181.44,"1,000"
3055,10:16:22,$ 3181.765,400
3056,10:16:20,$ 3184.0301,350
3057,10:16:02,$ 3182.00,100
3058,10:15:51,$ 3185.638,100
3059,10:15:41,$ 3185.505,400
3060,10:15:32,$ 3186.9999,175
3061,10:15:29,$ 3184.665,100
3062,10:15:25,$ 3184.54,100
3063,10:15:17,$ 3184.99,100
3064,10:15:08,$ 3183.745,500
3065,10:15:07,$ 3182.4885,500
3066,10:15:07,$ 3185.693,100
3067,10:15:04,$ 3185.21,500
3068,10:15:00,$ 3182.558,500
3069,10:14:57,$ 3182.82,100
3071,10:14:56,$ 3182.72,500
3072,10:14:55,$ 3182.232,100
3073,10:14:55,$ 3182.138,100
3074,10:14:55,$ 3182.226,100
3075,10:14:48,$ 3182.0079,127
3076,10:14:44,$ 3183.50,100
3077,10:14:44,$ 3183.50,100
3078,10:14:44,$ 3183.50,200
3079,10:14:44,$ 3183.48,188
3080,10:14:44,$ 3183.50,100
3081,10:14:44,$ 3183.43,100
3082,10:14:34,$ 3180.51,100
3083,10:14:33,$ 3184.9722,150
3084,10:14:32,$ 3183.60,115
3085,10:14:31,$ 3184.9999,500
3086,10:14:30,$ 3182.95,270
3087,10:14:30,$ 3182.95,170
3088,10:14:23,$ 3181.87,100
3089,10:14:14,$ 3184.865,100
3090,10:14:13,$ 3184.38,104
3092,10:14:08,$ 3185.38,100
3093,10:14:08,$ 3185.37,100
3094,10:14:05,$ 3185.503,115
3095,10:14:02,$ 3186.95,214
3096,10:14:02,$ 3187.10,100
3097,10:14:02,$ 3187.40,100
3098,10:13:58,$ 3186.95,200
3099,10:13:57,$ 3186.95,100
3100,10:13:57,$ 3186.95,114
3101,10:13:57,$ 3186.95,100
3102,10:13:57,$ 3186.95,100
3103,10:13:57,$ 3186.95,100
3104,10:13:57,$ 3186.95,200
3105,10:13:57,$ 3186.95,100
3106,10:13:48,$ 3186.125,100
3107,10:13:43,$ 3186.65,180
3108,10:13:34,$ 3186.515,100
3109,10:13:30,$ 3185.061,164
3110,10:13:28,$ 3185.05,164
3111,10:13:27,$ 3186.535,100
3113,10:13:19,$ 3186.71,100
3114,10:13:13,$ 3184.4062,160
3115,10:13:07,$ 3185.00,235
3116,10:13:07,$ 3185.23,100
3117,10:13:05,$ 3184.215,100
3118,10:12:52,$ 3183.08,100
3119,10:12:52,$ 3182.85,100
3120,10:12:52,$ 3183.70,100
3121,10:12:52,$ 3183.67,100
3122,10:12:52,$ 3183.60,100
3123,10:12:50,$ 3184.0099,550
3124,10:12:46,$ 3184.00,200
3125,10:12:44,$ 3183.50,100
3126,10:12:40,$ 3181.39,234
3127,10:12:37,$ 3183.065,100
3128,10:12:37,$ 3183.08,100
3129,10:12:36,$ 3181.93,100
3130,10:12:35,$ 3181.93,100
3131,10:12:35,$ 3182.71,100
3132,10:12:30,$ 3183.49,100
3134,10:12:28,$ 3183.2711,200
3135,10:12:26,$ 3183.2922,100
3136,10:12:26,$ 3183.1706,100
3137,10:12:24,$ 3181.49,100
3138,10:12:24,$ 3181.50,100
3139,10:12:24,$ 3181.50,100
3140,10:12:24,$ 3181.50,100
3141,10:12:24,$ 3181.50,100
3142,10:12:22,$ 3181.61,100
3143,10:12:22,$ 3181.70,100
3144,10:12:22,$ 3181.91,100
3145,10:12:22,$ 3181.80,100
3146,10:12:12,$ 3180.87,115
3147,10:12:03,$ 3180.03,100
3148,10:11:53,$ 3178.44,100
3149,10:11:52,$ 3178.395,115
3150,10:11:52,$ 3178.395,500
3151,10:11:51,$ 3179.6199,100
3152,10:11:50,$ 3178.899,100
3153,10:11:49,$ 3179.52,100
3155,10:11:47,$ 3179.56,100
3156,10:11:46,$ 3179.31,100
3157,10:11:46,$ 3179.10,100
3158,10:11:46,$ 3179.56,100
3159,10:11:46,$ 3179.56,100
3160,10:11:40,$ 3178.975,100
3161,10:11:34,$ 3182.2561,233
3162,10:11:31,$ 3182.18,100
3163,10:11:27,$ 3182.225,100
3164,10:11:25,$ 3181.622,100
3165,10:11:24,$ 3181.31,100
3166,10:11:24,$ 3182.69,100
3167,10:11:19,$ 3179.41,100
3168,10:11:19,$ 3179.24,100
3169,10:11:14,$ 3180.7057,100
3170,10:11:10,$ 3179.68,115
3171,10:11:00,$ 3177.7166,261
3172,10:10:44,$ 3179.97,100
3173,10:10:21,$ 3179.21,100
3174,10:10:10,$ 3179.9599,123
3176,10:10:03,$ 3178.33,100
3177,10:10:03,$ 3178.48,100
3178,10:09:47,$ 3180.22,100
3179,10:09:29,$ 3178.95,200
3180,10:09:28,$ 3179.76,100
3181,10:09:27,$ 3178.23,100
3182,10:09:26,$ 3178.23,100
3183,10:09:26,$ 3178.34,100
3184,10:09:13,$ 3177.18,100
3185,10:09:12,$ 3177.5041,200
3186,10:09:10,$ 3176.84,100
3187,10:09:07,$ 3177.625,138
3188,10:09:00,$ 3177.50,100
3189,10:09:00,$ 3177.44,100
3190,10:08:47,$ 3176.81,100
3191,10:08:47,$ 3177.42,100
3192,10:08:29,$ 3177.59,100
3193,10:08:29,$ 3177.60,100
3194,10:08:29,$ 3177.56,100
3195,10:08:24,$ 3176.11,100
3197,10:08:22,$ 3175.99,100
3198,10:08:12,$ 3175.18,100
3199,10:08:03,$ 3174.6668,100
3200,10:07:56,$ 3176.47,300
3201,10:07:56,$ 3176.47,100
3202,10:07:46,$ 3177.175,200
3203,10:07:41,$ 3177.47,100
3204,10:07:40,$ 3178.00,100
3205,10:07:34,$ 3176.69,100
3206,10:07:28,$ 3176.1928,115
3207,10:07:28,$ 3177.58,100
3208,10:07:26,$ 3177.00,300
3209,10:07:20,$ 3176.9306,131
3210,10:07:08,$ 3177.00,130
3211,10:07:08,$ 3175.725,200
3212,10:07:00,$ 3175.988,100
3213,10:07:00,$ 3177.16,300
3214,10:07:00,$ 3176.52,100
3215,10:07:00,$ 3177.29,100
3216,10:07:00,$ 3177.56,100
3218,10:07:00,$ 3176.86,300
3219,10:07:00,$ 3175.45,100
3220,10:07:00,$ 3174.65,100
3221,10:06:50,$ 3174.44,145
3222,10:06:48,$ 3175.3455,200
3223,10:06:42,$ 3176.12,100
3224,10:06:42,$ 3176.11,100
3225,10:06:42,$ 3176.13,100
3226,10:06:35,$ 3176.39,100
3227,10:06:30,$ 3176.24,100
3228,10:06:23,$ 3176.15,100
3229,10:06:12,$ 3175.575,100
3230,10:06:12,$ 3175.615,100
3231,10:06:12,$ 3175.66,100
3232,10:06:08,$ 3176.43,100
3233,10:06:06,$ 3177.27,100
3234,10:05:45,$ 3178.24,200
3235,10:05:40,$ 3176.3707,450
3236,10:05:34,$ 3177.145,200
3237,10:05:33,$ 3176.9855,150
3239,10:05:21,$ 3178.29,100
3240,10:05:21,$ 3178.29,200
3241,10:05:14,$ 3178.29,100
3242,10:05:10,$ 3178.215,100
3243,10:05:04,$ 3177.955,100
3244,10:04:39,$ 3178.46,100
3245,10:04:36,$ 3180.10,100
3246,10:04:31,$ 3179.36,100
3247,10:04:31,$ 3178.4801,757
3248,10:04:26,$ 3178.03,200
3249,10:04:22,$ 3179.0001,250
3250,10:04:13,$ 3181.2769,100
3251,10:04:12,$ 3181.995,100
3252,10:04:08,$ 3182.50,200
3253,10:04:08,$ 3182.50,100
3254,10:04:07,$ 3182.50,100
3255,10:03:59,$ 3183.255,100
3256,10:03:49,$ 3183.12,100
3257,10:03:49,$ 3183.14,200
3258,10:03:48,$ 3182.1701,"1,000"
3260,10:03:47,$ 3183.195,"1,000"
3261,10:03:44,$ 3183.00,100
3262,10:03:35,$ 3183.65,100
3263,10:03:34,$ 3182.255,"1,000"
3264,10:03:33,$ 3180.79,510
3265,10:03:33,$ 3183.06,200
3266,10:03:33,$ 3183.70,178
3267,10:03:33,$ 3183.75,100
3268,10:03:31,$ 3183.00,101
3269,10:03:29,$ 3182.5914,100
3270,10:03:28,$ 3182.80,100
3271,10:03:24,$ 3182.24,100
3272,10:03:23,$ 3182.795,100
3273,10:03:20,$ 3181.985,100
3274,10:03:15,$ 3182.16,122
3275,10:03:13,$ 3182.85,100
3276,10:03:13,$ 3181.87,100
3277,10:03:11,$ 3181.89,100
3278,10:03:05,$ 3181.32,100
3279,10:03:01,$ 3181.295,315
3281,10:03:00,$ 3180.17,149
3282,10:02:59,$ 3181.00,100
3283,10:02:59,$ 3181.41,200
3284,10:02:58,$ 3181.02,100
3285,10:02:52,$ 3182.45,100
3286,10:02:51,$ 3182.244,100
3287,10:02:51,$ 3182.0638,350
3288,10:02:49,$ 3182.61,100
3289,10:02:42,$ 3182.62,100
3290,10:02:41,$ 3181.78,100
3291,10:02:32,$ 3182.8799,115
3292,10:02:30,$ 3180.96,100
3293,10:02:30,$ 3181.00,190
3294,10:02:28,$ 3180.42,100
3295,10:02:25,$ 3180.00,100
3296,10:02:23,$ 3179.055,100
3297,10:02:10,$ 3178.0296,115
3298,10:02:10,$ 3178.695,100
3299,10:02:07,$ 3177.2175,100
3300,10:02:05,$ 3176.97,100
3302,10:02:05,$ 3177.00,199
3303,10:02:04,$ 3179.24,100
3304,10:02:01,$ 3178.01,100
3305,10:01:56,$ 3179.38,100
3306,10:01:55,$ 3178.7327,100
3307,10:01:52,$ 3179.31,179
3308,10:01:46,$ 3179.17,100
3309,10:01:38,$ 3179.265,100
3310,10:01:34,$ 3179.85,100
3311,10:01:34,$ 3179.90,100
3312,10:01:34,$ 3180.016,100
3313,10:01:32,$ 3179.465,100
3314,10:01:24,$ 3178.90,100
3315,10:01:15,$ 3178.94,100
3316,10:01:14,$ 3178.555,100
3317,10:01:12,$ 3177.775,100
3318,10:01:12,$ 3177.91,100
3319,10:01:12,$ 3177.825,100
3320,10:01:12,$ 3177.74,100
3321,10:01:04,$ 3178.32,100
3323,10:01:01,$ 3178.73,100
3324,10:01:00,$ 3177.89,100
3325,10:01:00,$ 3177.92,100
3326,10:00:50,$ 3179.68,100
3327,10:00:46,$ 3179.71,100
3328,10:00:46,$ 3179.20,130
3329,10:00:46,$ 3179.36,100
3330,10:00:46,$ 3179.46,100
3331,10:00:41,$ 3178.08,100
3332,10:00:15,$ 3180.66,100
3333,10:00:15,$ 3180.66,100
3334,10:00:11,$ 3179.20,100
3335,10:00:11,$ 3179.75,100
3336,10:00:08,$ 3181.2268,100
3337,10:00:08,$ 3180.62,100
3338,10:00:07,$ 3181.775,100
3339,10:00:07,$ 3180.61,300
3340,10:00:07,$ 3181.74,100
3341,10:00:07,$ 3180.61,100
3342,10:00:05,$ 3181.57,100
3344,10:00:04,$ 3180.00,100
3345,10:00:03,$ 3179.08,100
3346,10:00:03,$ 3177.60,100
3347,10:00:01,$ 3178.50,100
3348,10:00:01,$ 3178.89,100
3349,10:00:01,$ 3178.50,150
3350,10:00:01,$ 3178.50,100
3352,10:59:32,$ 3174.74,100
3353,10:59:24,$ 3174.52,100
3354,10:59:24,$ 3174.855,100
3355,10:59:23,$ 3174.51,100
3356,10:59:23,$ 3174.96,100
3357,10:59:15,$ 3175.01,100
3358,10:59:13,$ 3175.8553,100
3359,10:58:57,$ 3176.03,100
3360,10:58:33,$ 3176.73,100
3361,10:58:33,$ 3176.73,100
3362,10:57:43,$ 3176.975,100
3363,10:57:43,$ 3175.95,100
3364,10:57:43,$ 3175.99,102
3365,10:57:21,$ 3177.3871,200
3366,10:57:17,$ 3176.775,100
3367,10:57:17,$ 3176.785,200
3368,10:57:16,$ 3176.99,100
3369,10:56:43,$ 3178.26,100
3370,10:56:11,$ 3181.2244,247
3371,10:56:11,$ 3180.2803,100
3373,10:56:08,$ 3179.625,100
3374,10:56:07,$ 3179.71,100
3375,10:56:07,$ 3179.70,100
3376,10:56:07,$ 3179.725,100
3377,10:56:07,$ 3180.00,100
3378,10:56:00,$ 3179.46,100
3379,10:55:54,$ 3178.935,100
3380,10:55:53,$ 3179.38,274
3381,10:55:50,$ 3180.00,100
3382,10:55:50,$ 3179.975,100
3383,10:55:50,$ 3178.75,100
3384,10:55:37,$ 3177.55,280
3385,10:55:28,$ 3176.08,107
3386,10:55:27,$ 3177.705,100
3387,10:55:18,$ 3176.61,100
3388,10:55:15,$ 3176.00,100
3389,10:55:14,$ 3175.50,100
3390,10:55:14,$ 3176.00,100
3391,10:55:14,$ 3176.00,100
3392,10:55:14,$ 3176.00,100
3394,10:55:11,$ 3175.6998,200
3395,10:55:03,$ 3174.83,100
3396,10:55:03,$ 3174.86,100
3397,10:55:00,$ 3175.31,230
3398,10:55:00,$ 3175.34,100
3399,10:54:51,$ 3175.95,100
3400,10:54:45,$ 3174.765,100
3401,10:54:42,$ 3174.94,180
3402,10:54:37,$ 3174.99,100
3403,10:54:37,$ 3174.875,100
3404,10:54:37,$ 3175.00,100
3405,10:54:37,$ 3174.925,300
3406,10:54:37,$ 3174.59,100
3407,10:54:28,$ 3173.665,200
3408,10:54:21,$ 3173.895,100
3409,10:54:21,$ 3173.93,142
3410,10:54:15,$ 3172.00,100
3411,10:54:03,$ 3171.57,100
3412,10:54:02,$ 3172.93,100
3413,10:54:00,$ 3172.2022,500
3415,10:53:52,$ 3171.37,100
3416,10:53:26,$ 3171.605,100
3417,10:53:19,$ 3173.13,100
3418,10:53:19,$ 3173.12,100
3419,10:52:55,$ 3171.075,500
3420,10:52:54,$ 3171.3265,500
3421,10:52:37,$ 3168.26,100
3422,10:51:57,$ 3167.3007,100
3423,10:51:55,$ 3169.1836,115
3424,10:51:53,$ 3168.73,100
3425,10:51:50,$ 3167.89,100
3426,10:51:50,$ 3167.925,100
3427,10:51:48,$ 3168.69,500
3428,10:51:47,$ 3168.487,500
3429,10:51:43,$ 3168.09,100
3430,10:51:38,$ 3168.95,186
3431,10:51:34,$ 3170.14,100
3432,10:51:14,$ 3170.5899,100
3433,10:51:09,$ 3169.4301,500
3434,10:50:57,$ 3169.90,272
3436,10:50:48,$ 3170.00,100
3437,10:50:46,$ 3170.45,100
3438,10:50:30,$ 3171.37,457
3439,10:50:30,$ 3171.60,100
3440,10:50:30,$ 3171.91,100
3441,10:50:30,$ 3171.79,100
3442,10:50:30,$ 3171.85,100
3443,10:50:30,$ 3171.35,100
3444,10:50:30,$ 3171.29,100
3445,10:50:29,$ 3171.0801,200
3446,10:50:22,$ 3172.27,400
3447,10:50:22,$ 3172.27,100
3448,10:50:21,$ 3170.45,100
3449,10:50:18,$ 3172.3774,100
3450,10:50:16,$ 3172.1399,400
3451,10:50:12,$ 3170.98,100
3452,10:50:10,$ 3169.51,100
3453,10:50:04,$ 3169.56,100
3454,10:50:04,$ 3169.64,100
3455,10:50:03,$ 3169.64,100
3457,10:50:03,$ 3169.64,100
3458,10:50:02,$ 3169.645,100
3459,10:49:59,$ 3169.03,500
3460,10:49:57,$ 3169.6557,125
3461,10:49:57,$ 3169.3425,100
3462,10:49:57,$ 3169.6557,577
3463,10:49:57,$ 3169.06,100
3464,10:49:57,$ 3169.03,100
3465,10:49:55,$ 3169.655,"1,000"
3466,10:49:53,$ 3168.476,100
3467,10:49:31,$ 3170.99,100
3468,10:49:31,$ 3170.99,100
3469,10:49:23,$ 3171.8134,315
3470,10:49:23,$ 3170.92,100
3471,10:49:22,$ 3169.68,100
3472,10:49:22,$ 3168.89,300
3473,10:49:18,$ 3168.5852,265
3474,10:49:18,$ 3168.608,200
3475,10:49:18,$ 3168.91,100
3476,10:49:11,$ 3168.38,100
3478,10:48:52,$ 3170.17,100
3479,10:48:45,$ 3168.00,100
3480,10:48:45,$ 3168.72,100
3481,10:48:45,$ 3169.34,100
3482,10:48:44,$ 3169.345,100
3483,10:48:44,$ 3169.34,100
3484,10:48:44,$ 3169.345,100
3485,10:48:43,$ 3168.89,100
3486,10:48:41,$ 3169.62,100
3487,10:48:40,$ 3169.755,100
3488,10:48:27,$ 3170.59,100
3489,10:48:27,$ 3170.86,100
3490,10:48:27,$ 3170.735,100
3491,10:48:02,$ 3170.24,100
3492,10:47:52,$ 3168.90,100
3493,10:47:52,$ 3170.415,"1,000"
3494,10:47:49,$ 3169.585,500
3495,10:47:48,$ 3170.235,100
3496,10:47:22,$ 3170.14,100
3497,10:47:22,$ 3170.27,100
3499,10:47:19,$ 3170.32,100
3500,10:47:19,$ 3170.87,150
3501,10:47:14,$ 3171.0301,"1,000"
3502,10:47:08,$ 3168.50,100
3503,10:47:04,$ 3167.50,100
3504,10:47:01,$ 3168.4099,100
3505,10:47:01,$ 3167.84,900
3506,10:47:00,$ 3168.2811,"1,000"
3507,10:46:47,$ 3168.56,100
3508,10:46:46,$ 3167.12,100
3509,10:46:32,$ 3168.3873,100
3510,10:46:25,$ 3167.57,100
3511,10:46:20,$ 3168.00,100
3512,10:46:18,$ 3168.00,500
3513,10:46:18,$ 3167.78,100
3514,10:46:18,$ 3168.855,100
3515,10:46:15,$ 3167.80,100
3516,10:46:14,$ 3167.53,100
3517,10:46:06,$ 3167.00,100
3518,10:46:03,$ 3166.189,137
3520,10:46:02,$ 3166.4384,300
3521,10:45:50,$ 3166.00,100
3522,10:45:43,$ 3165.97,100
3523,10:45:43,$ 3165.97,100
3524,10:45:40,$ 3165.56,200
3525,10:45:40,$ 3165.33,100
3526,10:45:39,$ 3165.1705,100
3527,10:45:38,$ 3164.62,100
3528,10:45:37,$ 3165.41,100
3529,10:45:35,$ 3163.89,100
3530,10:45:34,$ 3163.89,100
3531,10:45:14,$ 3163.2382,315
3532,10:45:07,$ 3163.37,100
3533,10:45:04,$ 3162.00,100
3534,10:45:04,$ 3162.00,100
3535,10:45:03,$ 3162.93,100
3536,10:45:02,$ 3162.46,100
3537,10:45:01,$ 3162.255,100
3538,10:45:01,$ 3162.255,100
3539,10:44:56,$ 3162.01,100
3541,10:44:56,$ 3162.02,100
3542,10:44:56,$ 3162.00,100
3543,10:44:47,$ 3164.4687,100
3544,10:44:33,$ 3165.13,100
3545,10:44:31,$ 3166.00,116
3546,10:43:49,$ 3167.00,450
3547,10:43:34,$ 3165.1583,268
3548,10:42:59,$ 3166.1599,100
3549,10:42:47,$ 3165.085,100
3550,10:42:46,$ 3165.30,100
3551,10:42:43,$ 3164.425,100
3552,10:42:43,$ 3164.445,100
3553,10:42:27,$ 3165.00,500
3554,10:42:27,$ 3165.00,100
3555,10:42:27,$ 3165.00,100
3556,10:42:18,$ 3166.65,100
3557,10:42:02,$ 3166.485,100
3558,10:42:02,$ 3166.3225,125
3559,10:42:02,$ 3166.3225,162
3560,10:42:00,$ 3166.75,100
3562,10:41:59,$ 3166.75,400
3563,10:41:27,$ 3171.22,100
3564,10:41:24,$ 3172.00,104
3565,10:41:24,$ 3171.99,100
3566,10:41:23,$ 3171.321,100
3567,10:41:23,$ 3171.99,100
3568,10:41:22,$ 3171.49,100
3569,10:41:07,$ 3170.645,100
3570,10:40:47,$ 3171.99,100
3571,10:40:46,$ 3170.615,100
3572,10:40:40,$ 3170.35,100
3573,10:40:40,$ 3170.41,100
3574,10:40:37,$ 3169.7975,109
3575,10:40:35,$ 3169.79,100
3576,10:40:16,$ 3168.4082,110
3577,10:40:11,$ 3170.71,100
3578,10:40:10,$ 3171.9999,100
3579,10:40:06,$ 3171.12,"1,000"
3580,10:40:05,$ 3170.70,100
3581,10:39:59,$ 3170.75,100
3583,10:39:51,$ 3169.467,500
3584,10:39:50,$ 3170.718,100
3585,10:39:50,$ 3170.618,101
3586,10:39:50,$ 3169.56,100
3587,10:39:50,$ 3169.55,100
3588,10:39:50,$ 3169.5399,100
3589,10:39:39,$ 3169.02,100
3590,10:39:33,$ 3170.00,170
3591,10:39:33,$ 3170.00,200
3592,10:39:29,$ 3168.99,100
3593,10:39:29,$ 3169.46,100
3594,10:39:14,$ 3166.575,100
3595,10:39:12,$ 3167.575,195
3596,10:38:49,$ 3168.2115,200
3597,10:37:48,$ 3169.14,100
3598,10:37:40,$ 3170.32,100
3599,10:37:40,$ 3170.32,100
3600,10:36:59,$ 3166.195,100
3601,10:36:53,$ 3166.29,100
3602,10:36:50,$ 3166.15,100
3604,10:36:50,$ 3166.43,100
3605,10:36:50,$ 3166.44,100
3606,10:36:50,$ 3167.82,100
3607,10:36:49,$ 3168.518,100
3608,10:36:02,$ 3170.72,115
3609,10:36:01,$ 3169.0001,450
3610,10:36:00,$ 3168.83,100
3611,10:35:59,$ 3168.805,100
3612,10:35:56,$ 3168.01,100
3613,10:35:55,$ 3168.02,100
3614,10:35:55,$ 3168.045,200
3615,10:35:47,$ 3168.01,100
3616,10:35:34,$ 3168.10,100
3617,10:35:28,$ 3171.52,100
3618,10:35:12,$ 3172.9175,100
3619,10:35:11,$ 3172.93,100
3620,10:35:11,$ 3172.93,100
3621,10:34:41,$ 3173.48,100
3622,10:34:36,$ 3172.25,100
3623,10:34:00,$ 3172.205,100
3625,10:33:53,$ 3173.42,100
3626,10:33:45,$ 3171.94,296
3627,10:33:37,$ 3170.56,100
3628,10:33:32,$ 3171.946,100
3629,10:33:01,$ 3171.5001,"1,000"
3630,10:32:58,$ 3173.3945,190
3631,10:32:58,$ 3173.3945,693
3632,10:32:58,$ 3173.3945,117
3633,10:32:50,$ 3174.06,100
3634,10:32:44,$ 3173.59,100
3635,10:32:38,$ 3174.00,500
3636,10:32:34,$ 3172.01,100
3637,10:32:33,$ 3174.00,389
3638,10:32:33,$ 3174.00,100
3639,10:32:33,$ 3173.002,100
3640,10:32:33,$ 3173.002,100
3641,10:32:33,$ 3173.002,100
3642,10:32:33,$ 3173.98,100
3643,10:32:33,$ 3174.05,100
3644,10:32:32,$ 3173.90,100
3646,10:32:32,$ 3175.7999,400
3647,10:32:26,$ 3172.505,100
3648,10:32:21,$ 3174.1099,115
3649,10:32:12,$ 3171.31,100
3650,10:32:12,$ 3172.00,586
3651,10:32:12,$ 3171.84,100
3652,10:32:01,$ 3174.22,100
3653,10:31:46,$ 3174.70,"1,500"
3654,10:31:21,$ 3176.8814,115
3655,10:31:21,$ 3176.605,100
3656,10:31:07,$ 3177.98,100
3657,10:31:04,$ 3175.7301,900
3658,10:31:03,$ 3177.43,100
3659,10:30:40,$ 3176.58,100
3660,10:30:38,$ 3178.07,289
3661,10:30:32,$ 3177.8614,115
3662,10:30:31,$ 3177.98,100
3663,10:30:26,$ 3177.97,100
3664,10:30:23,$ 3177.70,100
3665,10:30:20,$ 3177.8211,100
3667,10:30:07,$ 3178.48,100
3668,10:30:01,$ 3176.73,100
3669,10:30:01,$ 3177.42,100
3670,10:30:01,$ 3177.21,176
3672,11:29:58,$ 3154.00,100
3673,11:29:58,$ 3154.00,100
3674,11:29:43,$ 3153.17,100
3675,11:29:43,$ 3154.71,100
3676,11:29:43,$ 3153.42,100
3677,11:29:29,$ 3153.002,100
3678,11:29:25,$ 3154.00,100
3679,11:29:21,$ 3154.40,100
3680,11:29:17,$ 3154.40,100
3681,11:29:09,$ 3152.4394,200
3682,11:29:01,$ 3152.16,307
3683,11:28:51,$ 3152.99,100
3684,11:28:21,$ 3152.5568,250
3685,11:28:14,$ 3153.4199,150
3686,11:28:08,$ 3153.285,100
3687,11:28:06,$ 3153.44,100
3688,11:28:06,$ 3153.49,100
3689,11:27:57,$ 3153.12,154
3690,11:27:55,$ 3152.40,100
3691,11:27:51,$ 3152.6801,169
3693,11:27:50,$ 3153.39,100
3694,11:27:48,$ 3153.39,100
3695,11:27:47,$ 3153.01,100
3696,11:27:47,$ 3153.01,100
3697,11:27:47,$ 3153.13,100
3698,11:27:41,$ 3154.53,100
3699,11:27:39,$ 3154.61,100
3700,11:27:39,$ 3154.69,100
3701,11:27:39,$ 3155.08,100
3702,11:27:39,$ 3155.02,100
3703,11:27:39,$ 3155.815,100
3704,11:27:36,$ 3156.0946,100
3705,11:27:28,$ 3155.32,260
3706,11:27:28,$ 3155.975,100
3707,11:27:28,$ 3155.88,100
3708,11:27:27,$ 3155.78,100
3709,11:27:22,$ 3155.265,100
3710,11:27:09,$ 3155.00,198
3711,11:27:09,$ 3155.915,100
3712,11:27:09,$ 3155.925,100
3714,11:27:08,$ 3155.8513,100
3715,11:27:01,$ 3155.04,100
3716,11:26:59,$ 3156.02,100
3717,11:26:59,$ 3156.035,100
3718,11:26:52,$ 3155.88,123
3719,11:26:52,$ 3155.32,120
3720,11:26:52,$ 3155.66,156
3721,11:26:46,$ 3155.07,100
3722,11:26:42,$ 3154.86,200
3723,11:26:42,$ 3155.00,100
3724,11:26:31,$ 3155.36,100
3725,11:26:02,$ 3156.33,100
3726,11:25:56,$ 3156.66,200
3727,11:25:45,$ 3157.795,100
3728,11:25:45,$ 3157.795,100
3729,11:25:45,$ 3157.795,100
3730,11:25:45,$ 3157.795,100
3731,11:25:45,$ 3157.795,100
3732,11:25:45,$ 3157.795,100
3733,11:25:44,$ 3156.38,100
3735,11:25:44,$ 3156.325,100
3736,11:25:44,$ 3156.67,100
3737,11:25:44,$ 3156.44,100
3738,11:25:44,$ 3156.11,100
3739,11:25:44,$ 3155.10,158
3740,11:25:44,$ 3155.10,197
3741,11:25:44,$ 3155.10,100
3742,11:25:35,$ 3155.1697,100
3743,11:25:34,$ 3155.60,100
3744,11:25:33,$ 3155.40,100
3745,11:25:31,$ 3155.10,149
3746,11:25:31,$ 3156.02,100
3747,11:25:31,$ 3155.13,100
3748,11:25:31,$ 3156.02,100
3749,11:25:31,$ 3156.01,100
3750,11:25:31,$ 3156.01,100
3751,11:25:31,$ 3156.15,100
3752,11:25:31,$ 3156.03,100
3753,11:25:31,$ 3156.69,100
3754,11:25:31,$ 3156.50,100
3756,11:25:12,$ 3159.38,100
3757,11:25:01,$ 3158.225,126
3758,11:24:58,$ 3158.70,200
3759,11:24:06,$ 3161.09,100
3760,11:24:06,$ 3161.09,400
3761,11:23:51,$ 3159.7267,100
3762,11:23:08,$ 3160.0038,100
3763,11:23:05,$ 3159.645,100
3764,11:22:53,$ 3160.01,100
3765,11:22:44,$ 3158.88,100
3766,11:21:45,$ 3158.6056,100
3767,11:21:38,$ 3159.147,200
3768,11:21:32,$ 3160.26,100
3769,11:21:32,$ 3160.19,100
3770,11:21:31,$ 3160.19,200
3771,11:21:30,$ 3159.755,100
3772,11:21:20,$ 3158.603,100
3773,11:21:18,$ 3158.94,100
3774,11:20:57,$ 3159.00,100
3775,11:20:51,$ 3158.94,157
3777,11:20:50,$ 3158.66,100
3778,11:20:33,$ 3159.89,100
3779,11:20:32,$ 3159.93,100
3780,11:19:59,$ 3160.49,420
3781,11:19:59,$ 3160.49,100
3782,11:19:59,$ 3160.49,100
3783,11:19:59,$ 3160.49,292
3784,11:19:49,$ 3159.95,100
3785,11:19:49,$ 3160.09,100
3786,11:19:25,$ 3159.875,100
3787,11:19:10,$ 3159.21,300
3788,11:19:09,$ 3159.45,100
3789,11:19:05,$ 3159.31,115
3790,11:19:02,$ 3159.315,100
3791,11:18:59,$ 3159.835,100
3792,11:18:59,$ 3159.4058,100
3793,11:18:45,$ 3160.74,100
3794,11:18:45,$ 3160.6726,100
3795,11:18:40,$ 3161.16,100
3796,11:18:39,$ 3161.8785,100
3798,11:18:39,$ 3162.00,100
3799,11:18:39,$ 3162.00,100
3800,11:18:39,$ 3162.00,150
3801,11:18:39,$ 3161.61,100
3802,11:18:39,$ 3161.61,100
3803,11:18:39,$ 3160.96,200
3804,11:18:39,$ 3161.61,100
3805,11:18:39,$ 3161.60,100
3806,11:18:39,$ 3161.59,100
3807,11:18:11,$ 3158.68,100
3808,11:18:11,$ 3158.68,100
3809,11:17:58,$ 3159.2205,126
3810,11:17:58,$ 3159.2205,355
3811,11:17:47,$ 3159.0301,100
3812,11:17:25,$ 3158.66,100
3813,11:17:18,$ 3156.50,190
3814,11:17:07,$ 3157.505,100
3815,11:17:02,$ 3158.12,100
3816,11:16:26,$ 3159.875,152
3817,11:16:25,$ 3159.32,500
3819,11:16:04,$ 3158.365,100
3820,11:16:04,$ 3158.90,179
3821,11:16:04,$ 3159.63,100
3822,11:16:04,$ 3159.78,100
3823,11:16:04,$ 3159.61,100
3824,11:16:01,$ 3160.7669,115
3825,11:15:56,$ 3159.54,100
3826,11:15:41,$ 3157.33,100
3827,11:15:41,$ 3158.25,100
3828,11:15:41,$ 3156.99,100
3829,11:15:33,$ 3157.1369,200
3830,11:15:32,$ 3158.00,294
3831,11:15:20,$ 3158.62,500
3832,11:14:41,$ 3158.03,100
3833,11:14:41,$ 3158.00,100
3834,11:14:41,$ 3158.01,190
3835,11:14:41,$ 3158.03,100
3836,11:14:41,$ 3158.03,100
3837,11:14:41,$ 3158.44,100
3838,11:14:41,$ 3158.66,100
3840,11:14:41,$ 3158.8035,100
3841,11:14:39,$ 3158.545,100
3842,11:14:38,$ 3158.62,100
3843,11:14:36,$ 3158.7904,100
3844,11:14:21,$ 3160.478,100
3845,11:14:21,$ 3160.49,100
3846,11:14:13,$ 3161.095,115
3847,11:13:56,$ 3162.77,100
3848,11:13:44,$ 3160.84,114
3849,11:13:18,$ 3161.907,100
3850,11:13:06,$ 3160.9925,100
3851,11:12:53,$ 3160.7975,100
3852,11:12:39,$ 3161.46,100
3853,11:12:22,$ 3163.44,100
3854,11:11:50,$ 3162.80,100
3855,11:11:17,$ 3160.833,"1,000"
3856,11:11:06,$ 3161.6718,100
3857,11:10:53,$ 3161.32,100
3858,11:10:53,$ 3161.31,100
3859,11:10:51,$ 3160.56,481
3861,11:10:43,$ 3159.4867,107
3862,11:10:40,$ 3161.85,100
3863,11:10:33,$ 3161.295,100
3864,11:10:33,$ 3160.71,149
3865,11:10:14,$ 3160.00,100
3866,11:10:10,$ 3159.1867,150
3867,11:10:04,$ 3160.00,100
3868,11:09:32,$ 3160.70,300
3869,11:09:25,$ 3160.21,100
3870,11:09:25,$ 3160.22,100
3871,11:09:25,$ 3160.13,100
