,NLS Time (ET),NLS Price,NLS Share Volume
1,09:59:16,$ 3400.00,100
2,09:59:13,$ 3401.01,109
3,09:58:27,$ 3402.77,100
4,09:58:16,$ 3402.125,100
5,09:58:16,$ 3402.125,200
6,09:58:05,$ 3401.31,100
7,09:58:04,$ 3401.01,100
8,09:58:04,$ 3400.81,100
9,09:58:02,$ 3400.33,100
10,09:57:57,$ 3401.30,100
11,09:57:47,$ 3402.23,100
12,09:57:47,$ 3402.37,100
13,09:57:46,$ 3402.80,100
14,09:57:46,$ 3402.64,100
15,09:57:46,$ 3402.64,100
16,09:57:46,$ 3401.4685,100
17,09:57:43,$ 3401.94,100
18,09:57:41,$ 3401.35,350
19,09:57:39,$ 3402.09,100
20,09:57:39,$ 3402.00,100
22,09:57:35,$ 3402.74,100
23,09:57:30,$ 3402.69,100
24,09:57:22,$ 3403.44,100
25,09:57:22,$ 3403.44,100
26,09:57:18,$ 3403.385,100
27,09:57:18,$ 3403.00,100
28,09:57:18,$ 3403.09,100
29,09:57:04,$ 3401.57,100
30,09:57:04,$ 3400.79,100
31,09:57:04,$ 3400.87,100
32,09:57:04,$ 3401.02,100
33,09:57:04,$ 3401.02,100
34,09:57:04,$ 3401.21,100
35,09:57:00,$ 3400.30,200
36,09:56:54,$ 3399.06,100
37,09:56:54,$ 3399.27,100
38,09:56:54,$ 3399.27,100
39,09:56:53,$ 3399.25,"1,000"
40,09:56:51,$ 3400.00,100
41,09:56:43,$ 3399.715,100
43,09:56:43,$ 3399.00,100
44,09:56:41,$ 3400.00,100
45,09:56:41,$ 3400.00,100
46,09:56:18,$ 3399.205,360
47,09:56:14,$ 3398.6266,500
48,09:56:11,$ 3399.225,100
49,09:56:02,$ 3400.59,100
50,09:55:57,$ 3401.89,399
51,09:55:50,$ 3401.94,250
52,09:55:40,$ 3399.07,100
53,09:55:36,$ 3400.745,294
54,09:55:32,$ 3400.655,500
55,09:55:30,$ 3400.35,129
56,09:55:25,$ 3400.65,170
57,09:55:20,$ 3401.14,100
58,09:55:20,$ 3400.99,100
59,09:55:20,$ 3401.31,100
60,09:55:20,$ 3400.00,100
61,09:55:17,$ 3399.26,100
62,09:55:13,$ 3398.83,100
64,09:55:09,$ 3399.42,100
65,09:55:07,$ 3399.71,100
66,09:55:04,$ 3398.67,100
67,09:55:01,$ 3398.54,100
68,09:55:00,$ 3399.02,100
69,09:54:58,$ 3399.02,150
70,09:54:58,$ 3398.82,100
71,09:54:58,$ 3398.82,100
72,09:54:58,$ 3398.82,141
73,09:54:57,$ 3399.431,110
74,09:54:56,$ 3398.78,100
75,09:54:55,$ 3399.56,100
76,09:54:52,$ 3399.57,110
77,09:54:51,$ 3400.125,100
78,09:54:45,$ 3399.41,100
79,09:54:40,$ 3400.43,"1,000"
80,09:54:37,$ 3399.72,149
81,09:54:36,$ 3399.29,100
82,09:54:34,$ 3398.93,100
83,09:54:34,$ 3398.93,100
85,09:54:34,$ 3398.93,100
86,09:54:34,$ 3398.94,100
87,09:54:33,$ 3398.235,100
88,09:54:33,$ 3398.93,200
89,09:54:33,$ 3398.66,100
90,09:54:33,$ 3397.58,100
91,09:54:30,$ 3397.56,100
92,09:54:30,$ 3398.26,100
93,09:54:30,$ 3398.26,100
94,09:54:25,$ 3398.94,100
95,09:54:23,$ 3398.78,100
96,09:54:18,$ 3398.51,100
97,09:54:13,$ 3398.79,100
98,09:54:09,$ 3397.7333,100
99,09:54:09,$ 3397.635,100
100,09:54:08,$ 3397.58,104
101,09:54:08,$ 3397.72,100
102,09:54:06,$ 3398.385,500
103,09:54:03,$ 3397.25,100
104,09:53:59,$ 3396.13,100
106,09:53:59,$ 3396.24,100
107,09:53:59,$ 3396.43,100
108,09:53:59,$ 3396.49,100
109,09:53:56,$ 3395.605,100
110,09:53:53,$ 3395.225,100
111,09:53:53,$ 3395.58,100
112,09:53:53,$ 3395.59,100
113,09:53:53,$ 3395.59,100
114,09:53:48,$ 3395.005,100
115,09:53:46,$ 3393.64,100
116,09:53:44,$ 3394.345,100
117,09:53:41,$ 3394.67,100
118,09:53:38,$ 3394.1201,100
119,09:53:38,$ 3394.31,100
120,09:53:38,$ 3394.31,100
121,09:53:38,$ 3394.31,100
122,09:53:38,$ 3394.31,100
123,09:53:38,$ 3394.62,100
124,09:53:35,$ 3392.76,100
125,09:53:33,$ 3393.58,100
127,09:53:33,$ 3393.1283,100
128,09:53:32,$ 3392.57,100
129,09:53:32,$ 3391.7825,100
130,09:53:32,$ 3392.23,100
131,09:53:32,$ 3392.24,100
132,09:53:27,$ 3391.32,110
133,09:53:25,$ 3391.73,100
134,09:53:24,$ 3390.36,100
135,09:53:22,$ 3391.27,100
136,09:53:21,$ 3390.93,101
137,09:53:20,$ 3390.01,267
138,09:53:20,$ 3390.00,180
139,09:53:20,$ 3389.70,100
140,09:53:20,$ 3390.13,100
141,09:53:20,$ 3390.00,100
142,09:53:20,$ 3390.31,100
143,09:53:20,$ 3390.00,100
144,09:53:17,$ 3391.15,134
145,09:53:16,$ 3391.18,100
146,09:53:15,$ 3391.97,100
148,09:53:15,$ 3391.5443,233
149,09:53:11,$ 3391.2861,100
150,09:53:11,$ 3391.79,253
151,09:53:07,$ 3392.01,100
152,09:53:07,$ 3392.00,100
153,09:53:07,$ 3391.30,100
154,09:53:05,$ 3393.00,200
155,09:53:05,$ 3393.00,100
156,09:53:05,$ 3393.18,100
157,09:53:05,$ 3393.18,100
158,09:53:00,$ 3394.225,100
159,09:52:56,$ 3394.50,100
160,09:52:53,$ 3394.97,100
161,09:52:53,$ 3395.49,100
162,09:52:52,$ 3394.94,100
163,09:52:50,$ 3395.37,100
164,09:52:50,$ 3394.96,100
165,09:52:44,$ 3395.95,100
166,09:52:44,$ 3396.12,100
167,09:52:44,$ 3396.09,100
169,09:52:42,$ 3396.63,100
170,09:52:36,$ 3396.97,100
171,09:52:34,$ 3397.1774,436
172,09:52:32,$ 3396.9375,400
173,09:52:32,$ 3396.03,180
174,09:52:31,$ 3397.80,100
175,09:52:31,$ 3397.56,100
176,09:52:30,$ 3397.27,100
177,09:52:23,$ 3396.8617,120
178,09:52:22,$ 3397.10,100
179,09:52:18,$ 3397.095,100
180,09:52:18,$ 3397.105,100
181,09:52:09,$ 3396.8133,120
182,09:52:09,$ 3396.7102,700
183,09:52:05,$ 3396.63,100
184,09:52:04,$ 3395.845,100
185,09:52:04,$ 3396.35,100
186,09:52:03,$ 3395.845,100
187,09:51:57,$ 3396.04,180
188,09:51:57,$ 3395.58,100
190,09:51:52,$ 3395.81,100
191,09:51:52,$ 3395.62,100
192,09:51:52,$ 3395.62,100
193,09:51:51,$ 3394.9101,100
194,09:51:50,$ 3395.25,100
195,09:51:46,$ 3395.875,100
196,09:51:19,$ 3393.40,100
197,09:51:19,$ 3393.40,125
198,09:51:06,$ 3393.53,100
199,09:51:04,$ 3392.975,100
200,09:50:58,$ 3392.0401,500
201,09:50:57,$ 3393.94,100
202,09:50:54,$ 3393.25,100
203,09:50:51,$ 3394.235,200
204,09:50:41,$ 3392.75,100
205,09:50:41,$ 3393.00,100
206,09:50:39,$ 3393.79,100
207,09:50:28,$ 3393.88,100
208,09:50:28,$ 3393.94,100
209,09:50:27,$ 3395.2285,200
211,09:50:26,$ 3394.00,100
212,09:50:25,$ 3395.00,100
213,09:50:24,$ 3395.8089,200
214,09:50:10,$ 3394.94,500
215,09:50:04,$ 3393.94,100
216,09:50:02,$ 3395.18,100
217,09:50:01,$ 3395.32,100
218,09:50:00,$ 3394.51,100
219,09:49:55,$ 3392.845,100
220,09:49:55,$ 3392.97,100
221,09:49:55,$ 3392.97,100
222,09:49:55,$ 3392.97,100
223,09:49:51,$ 3394.65,100
224,09:49:51,$ 3394.65,100
225,09:49:49,$ 3394.00,100
226,09:49:49,$ 3394.03,100
227,09:49:49,$ 3394.20,100
228,09:49:49,$ 3394.66,100
229,09:49:47,$ 3394.1893,150
230,09:49:42,$ 3394.01,250
232,09:49:41,$ 3394.835,100
233,09:49:35,$ 3395.046,250
234,09:49:34,$ 3394.70,100
235,09:49:34,$ 3394.6015,102
236,09:49:34,$ 3394.70,100
237,09:49:34,$ 3394.70,100
238,09:49:34,$ 3394.70,200
239,09:49:34,$ 3394.70,100
240,09:49:34,$ 3394.70,100
241,09:49:34,$ 3394.64,100
242,09:49:34,$ 3394.69,100
243,09:49:34,$ 3394.70,178
244,09:49:34,$ 3394.02,100
245,09:49:34,$ 3393.98,100
246,09:49:34,$ 3393.98,100
247,09:49:34,$ 3393.98,100
248,09:49:31,$ 3393.63,200
249,09:49:28,$ 3392.375,137
250,09:49:28,$ 3392.375,100
251,09:49:28,$ 3392.987,"1,000"
253,09:49:26,$ 3392.106,100
254,09:49:23,$ 3392.29,500
255,09:49:18,$ 3393.00,100
256,09:49:10,$ 3391.33,100
257,09:49:09,$ 3392.00,100
258,09:49:09,$ 3392.67,100
259,09:49:09,$ 3392.30,100
260,09:49:07,$ 3393.4177,100
261,09:49:04,$ 3393.00,125
262,09:49:03,$ 3393.35,400
263,09:49:03,$ 3393.35,200
264,09:49:02,$ 3392.57,100
265,09:49:01,$ 3393.00,100
266,09:49:00,$ 3393.00,215
267,09:49:00,$ 3393.00,185
268,09:49:00,$ 3393.00,100
269,09:48:58,$ 3392.61,200
270,09:48:58,$ 3391.39,100
271,09:48:58,$ 3392.7876,300
272,09:48:58,$ 3392.58,300
274,09:48:52,$ 3393.9799,100
275,09:48:50,$ 3392.91,200
276,09:48:48,$ 3393.00,100
277,09:48:34,$ 3392.705,350
278,09:48:31,$ 3393.33,589
279,09:48:31,$ 3393.33,100
280,09:48:30,$ 3392.91,100
281,09:48:30,$ 3393.22,100
282,09:48:30,$ 3392.90,350
283,09:48:21,$ 3394.35,100
284,09:48:19,$ 3393.67,100
285,09:48:15,$ 3395.73,100
286,09:48:15,$ 3395.72,100
287,09:48:10,$ 3396.775,100
288,09:48:09,$ 3396.01,200
289,09:48:08,$ 3396.37,190
290,09:48:08,$ 3396.577,396
291,09:48:08,$ 3396.41,100
292,09:48:07,$ 3397.35,100
293,09:48:07,$ 3397.35,100
295,09:48:07,$ 3397.703,100
296,09:48:07,$ 3397.80,101
297,09:48:06,$ 3396.936,200
298,09:48:06,$ 3397.83,100
299,09:48:06,$ 3396.92,100
300,09:48:06,$ 3396.61,100
301,09:48:06,$ 3396.94,150
302,09:48:06,$ 3399.01,380
303,09:48:06,$ 3399.01,380
304,09:48:06,$ 3399.05,160
305,09:48:06,$ 3400.01,100
306,09:48:06,$ 3400.00,100
307,09:48:06,$ 3400.00,100
308,09:48:06,$ 3400.00,100
309,09:48:00,$ 3402.07,100
310,09:47:59,$ 3402.52,100
311,09:47:59,$ 3402.07,100
312,09:47:59,$ 3402.15,100
313,09:47:59,$ 3402.67,100
314,09:47:53,$ 3402.00,100
316,09:47:53,$ 3402.04,100
317,09:47:53,$ 3402.01,100
318,09:47:47,$ 3402.36,100
319,09:47:47,$ 3402.49,100
320,09:47:45,$ 3402.22,130
321,09:47:40,$ 3402.91,100
322,09:47:40,$ 3402.97,100
323,09:47:40,$ 3403.14,100
324,09:47:40,$ 3403.14,200
325,09:47:38,$ 3402.22,100
326,09:47:38,$ 3402.37,100
327,09:47:32,$ 3402.79,220
328,09:47:27,$ 3401.70,100
329,09:47:27,$ 3402.0023,876
330,09:47:27,$ 3402.27,100
331,09:47:26,$ 3402.64,100
332,09:47:19,$ 3403.55,100
333,09:47:17,$ 3403.66,100
334,09:47:13,$ 3403.87,100
335,09:47:10,$ 3403.515,100
337,09:47:10,$ 3402.92,100
338,09:47:10,$ 3403.54,100
339,09:47:04,$ 3403.20,100
340,09:46:55,$ 3404.402,124
341,09:46:55,$ 3405.38,100
342,09:46:55,$ 3404.76,126
343,09:46:52,$ 3404.68,400
344,09:46:52,$ 3404.67,100
345,09:46:46,$ 3405.025,430
346,09:46:45,$ 3405.00,100
347,09:46:43,$ 3404.67,150
348,09:46:41,$ 3404.7935,102
349,09:46:41,$ 3404.785,100
350,09:46:41,$ 3405.00,194
351,09:46:31,$ 3407.11,162
352,09:46:18,$ 3407.63,200
353,09:46:17,$ 3407.402,400
354,09:46:11,$ 3408.6329,100
355,09:46:11,$ 3407.80,100
356,09:46:09,$ 3409.48,100
358,09:46:09,$ 3409.04,100
359,09:46:08,$ 3408.02,100
360,09:46:08,$ 3408.04,100
361,09:46:06,$ 3409.79,100
362,09:46:04,$ 3408.80,100
363,09:46:04,$ 3409.14,100
364,09:46:04,$ 3410.01,400
365,09:46:00,$ 3410.495,100
366,09:45:55,$ 3410.21,100
367,09:45:55,$ 3410.26,100
368,09:45:55,$ 3410.21,100
369,09:45:42,$ 3410.67,200
370,09:45:41,$ 3411.52,100
371,09:45:38,$ 3412.535,100
372,09:45:27,$ 3413.275,100
373,09:45:24,$ 3413.00,100
374,09:45:23,$ 3412.2101,100
375,09:45:18,$ 3413.02,125
376,09:45:15,$ 3411.4821,100
377,09:45:14,$ 3412.22,100
379,09:45:14,$ 3412.71,100
380,09:45:13,$ 3411.01,395
381,09:45:08,$ 3413.79,100
382,09:45:08,$ 3413.79,100
383,09:45:08,$ 3414.00,100
384,09:45:07,$ 3414.50,100
385,09:45:07,$ 3415.00,100
386,09:45:06,$ 3417.02,100
387,09:45:06,$ 3418.07,100
388,09:45:06,$ 3418.02,100
389,09:45:06,$ 3418.00,200
390,09:45:06,$ 3417.46,100
391,09:44:56,$ 3418.28,100
392,09:44:56,$ 3418.53,100
393,09:44:56,$ 3419.00,100
394,09:44:30,$ 3419.665,100
395,09:43:44,$ 3419.07,100
396,09:43:44,$ 3418.84,100
397,09:43:43,$ 3419.38,250
398,09:43:37,$ 3419.49,100
400,09:43:35,$ 3418.55,142
401,09:43:35,$ 3418.57,100
402,09:43:35,$ 3418.63,100
403,09:43:35,$ 3419.16,100
404,09:43:33,$ 3419.60,110
405,09:43:32,$ 3419.66,109
406,09:43:25,$ 3420.00,100
407,09:43:23,$ 3420.10,100
408,09:43:09,$ 3420.91,100
409,09:43:07,$ 3420.9302,100
410,09:43:04,$ 3421.415,100
411,09:42:57,$ 3421.08,100
412,09:42:54,$ 3421.75,100
413,09:42:45,$ 3421.00,100
414,09:42:45,$ 3421.13,100
415,09:42:44,$ 3421.52,100
416,09:42:43,$ 3421.27,100
417,09:42:43,$ 3421.35,100
418,09:42:40,$ 3421.765,100
419,09:42:40,$ 3421.59,100
421,09:42:34,$ 3421.67,135
422,09:42:33,$ 3421.97,385
423,09:42:32,$ 3421.66,100
424,09:42:32,$ 3421.66,100
425,09:42:32,$ 3421.61,100
426,09:42:29,$ 3422.075,100
427,09:42:29,$ 3422.075,100
428,09:42:29,$ 3421.91,100
429,09:42:29,$ 3421.91,100
430,09:42:27,$ 3422.57,100
431,09:42:27,$ 3422.56,100
432,09:42:14,$ 3423.215,100
433,09:41:57,$ 3422.28,100
434,09:41:57,$ 3422.67,100
435,09:41:50,$ 3422.16,100
436,09:41:39,$ 3421.76,100
437,09:41:12,$ 3422.0646,293
438,09:41:07,$ 3422.57,100
439,09:41:02,$ 3421.615,100
440,09:40:50,$ 3422.07,100
442,09:40:50,$ 3422.03,100
443,09:40:33,$ 3421.88,100
444,09:40:23,$ 3422.94,100
445,09:40:01,$ 3422.00,100
446,09:40:00,$ 3422.81,100
447,09:40:00,$ 3422.96,100
448,09:39:48,$ 3422.06,100
449,09:39:48,$ 3422.05,100
450,09:39:46,$ 3422.08,100
451,09:39:41,$ 3422.07,100
452,09:39:38,$ 3422.27,100
453,09:39:38,$ 3422.27,100
454,09:39:38,$ 3422.60,100
455,09:39:38,$ 3422.68,100
456,09:39:38,$ 3422.67,100
457,09:39:37,$ 3422.965,100
458,09:39:37,$ 3423.27,125
459,09:39:37,$ 3423.29,100
460,09:39:37,$ 3423.29,100
461,09:39:37,$ 3423.60,100
463,09:39:36,$ 3423.62,100
464,09:39:31,$ 3423.925,190
465,09:39:28,$ 3423.36,100
466,09:39:20,$ 3424.21,173
467,09:39:17,$ 3423.12,100
468,09:39:12,$ 3423.205,100
469,09:39:10,$ 3423.76,100
470,09:39:02,$ 3424.36,500
471,09:38:54,$ 3423.68,100
472,09:38:52,$ 3423.68,100
473,09:38:52,$ 3423.65,100
474,09:38:52,$ 3423.57,100
475,09:38:52,$ 3423.68,100
476,09:38:52,$ 3423.67,100
477,09:38:52,$ 3423.67,100
478,09:38:50,$ 3423.67,100
479,09:38:50,$ 3423.67,100
480,09:38:50,$ 3423.67,100
481,09:38:50,$ 3423.67,100
482,09:38:50,$ 3423.67,100
484,09:38:39,$ 3423.15,100
485,09:38:39,$ 3422.2107,100
486,09:38:36,$ 3422.28,100
487,09:38:33,$ 3423.05,100
488,09:38:33,$ 3423.01,100
489,09:38:33,$ 3424.51,327
490,09:38:33,$ 3424.51,100
491,09:38:33,$ 3424.50,100
492,09:38:30,$ 3424.9187,150
493,09:38:16,$ 3425.03,100
494,09:38:16,$ 3425.74,100
495,09:38:11,$ 3425.25,100
496,09:37:58,$ 3426.45,100
497,09:37:39,$ 3426.295,500
498,09:37:35,$ 3425.175,200
499,09:37:35,$ 3423.76,100
500,09:37:35,$ 3423.73,100
501,09:37:35,$ 3423.73,100
502,09:37:35,$ 3424.50,100
503,09:37:35,$ 3425.00,100
505,09:37:33,$ 3427.00,100
506,09:37:33,$ 3427.10,100
507,09:37:33,$ 3427.00,100
508,09:37:33,$ 3427.21,100
509,09:37:00,$ 3429.50,200
510,09:36:50,$ 3428.34,100
511,09:36:50,$ 3428.51,100
512,09:36:50,$ 3428.44,100
513,09:36:50,$ 3428.34,100
514,09:36:49,$ 3429.69,100
515,09:36:44,$ 3428.00,100
516,09:36:40,$ 3428.2625,100
517,09:36:40,$ 3427.365,100
518,09:36:38,$ 3428.13,100
519,09:36:38,$ 3429.27,100
520,09:36:38,$ 3429.47,100
521,09:36:38,$ 3429.41,100
522,09:36:38,$ 3429.40,100
523,09:36:38,$ 3429.25,100
524,09:36:35,$ 3429.70,100
526,09:36:34,$ 3429.70,100
527,09:36:34,$ 3429.69,100
528,09:36:32,$ 3429.71,100
529,09:36:30,$ 3429.145,100
530,09:36:24,$ 3428.82,178
531,09:36:19,$ 3429.84,341
532,09:36:19,$ 3429.84,120
533,09:36:17,$ 3429.69,100
534,09:36:17,$ 3429.70,100
535,09:36:17,$ 3429.70,100
536,09:36:17,$ 3429.70,100
537,09:36:16,$ 3429.70,100
538,09:36:16,$ 3429.70,100
539,09:36:14,$ 3429.69,100
540,09:36:14,$ 3429.70,100
541,09:36:14,$ 3429.68,100
542,09:36:11,$ 3429.69,100
543,09:36:11,$ 3429.70,100
544,09:36:11,$ 3429.70,100
545,09:35:59,$ 3428.08,100
547,09:35:59,$ 3429.50,583
548,09:35:57,$ 3428.75,100
549,09:35:57,$ 3428.75,100
550,09:35:57,$ 3428.75,100
551,09:35:57,$ 3428.94,100
552,09:35:57,$ 3428.925,100
553,09:35:57,$ 3428.84,100
554,09:35:56,$ 3428.705,100
555,09:35:53,$ 3426.94,100
556,09:35:53,$ 3428.65,100
557,09:35:53,$ 3426.80,100
558,09:35:53,$ 3426.88,100
559,09:35:53,$ 3426.88,100
560,09:35:53,$ 3426.89,100
561,09:35:53,$ 3427.26,100
562,09:35:53,$ 3427.35,100
563,09:35:53,$ 3427.62,100
564,09:35:53,$ 3427.91,100
565,09:35:47,$ 3425.725,100
566,09:35:42,$ 3425.59,100
568,09:35:33,$ 3425.63,100
569,09:35:33,$ 3424.625,200
570,09:35:29,$ 3424.80,100
571,09:35:19,$ 3424.5689,939
572,09:35:10,$ 3423.24,100
573,09:34:56,$ 3423.1167,300
574,09:34:51,$ 3422.00,313
575,09:34:50,$ 3422.00,100
576,09:34:50,$ 3422.00,100
577,09:34:50,$ 3422.03,100
578,09:34:50,$ 3422.00,100
579,09:34:50,$ 3422.00,100
580,09:34:48,$ 3422.01,500
581,09:34:46,$ 3422.10,100
582,09:34:46,$ 3422.43,100
583,09:34:45,$ 3423.00,100
584,09:34:43,$ 3423.0184,100
585,09:34:42,$ 3423.5763,100
586,09:34:39,$ 3424.21,100
587,09:34:37,$ 3424.17,500
589,09:34:31,$ 3424.37,100
590,09:34:04,$ 3425.42,200
591,09:34:04,$ 3426.94,"1,000"
592,09:33:57,$ 3424.39,100
593,09:33:57,$ 3423.55,100
594,09:33:57,$ 3423.99,100
595,09:33:57,$ 3423.02,100
596,09:33:42,$ 3423.15,100
597,09:33:32,$ 3422.98,100
598,09:33:31,$ 3423.08,100
599,09:33:30,$ 3423.78,100
600,09:33:10,$ 3423.69,100
601,09:33:10,$ 3423.63,100
602,09:33:09,$ 3425.705,500
603,09:32:53,$ 3424.505,500
604,09:32:52,$ 3425.125,135
605,09:32:51,$ 3425.00,100
606,09:32:48,$ 3424.03,150
607,09:32:39,$ 3426.59,100
608,09:32:39,$ 3426.59,100
610,09:32:34,$ 3424.1192,200
611,09:32:31,$ 3425.90,100
612,09:32:31,$ 3425.90,100
613,09:32:30,$ 3424.60,100
614,09:32:26,$ 3425.295,150
615,09:32:21,$ 3426.54,100
616,09:32:21,$ 3426.59,100
617,09:32:21,$ 3426.46,100
618,09:32:21,$ 3426.525,100
619,09:32:20,$ 3425.305,100
620,09:32:19,$ 3424.01,150
621,09:32:17,$ 3423.68,100
622,09:32:10,$ 3424.06,500
623,09:32:04,$ 3425.32,200
624,09:32:00,$ 3426.54,100
625,09:32:00,$ 3425.1533,389
626,09:32:00,$ 3424.512,100
627,09:32:00,$ 3424.81,100
628,09:31:59,$ 3424.72,100
629,09:31:56,$ 3423.03,100
631,09:31:50,$ 3423.02,100
632,09:31:41,$ 3421.71,100
633,09:31:21,$ 3420.10,100
634,09:31:21,$ 3418.0001,500
635,09:31:17,$ 3419.445,100
636,09:31:12,$ 3420.84,500
637,09:31:07,$ 3421.48,100
638,09:30:59,$ 3421.965,100
639,09:30:59,$ 3421.65,100
640,09:30:59,$ 3420.07,100
641,09:30:49,$ 3420.70,100
642,09:30:45,$ 3420.37,100
643,09:30:45,$ 3420.38,100
644,09:30:35,$ 3420.29,100
645,09:30:35,$ 3420.33,100
646,09:30:31,$ 3418.50,123
647,09:30:31,$ 3418.50,377
648,09:30:31,$ 3419.00,100
649,09:30:31,$ 3419.69,100
650,09:30:30,$ 3420.00,100
652,09:30:27,$ 3420.48,100
653,09:30:12,$ 3420.525,245
654,09:30:05,$ 3418.50,200
655,09:30:05,$ 3424.685,100
656,09:30:04,$ 3422.94,100
657,09:30:04,$ 3424.665,100
658,09:30:04,$ 3424.62,100
659,09:30:03,$ 3421.595,400
660,09:30:02,$ 3419.80,1
661,09:30:02,$ 3419.80,13
662,09:30:02,$ 3419.80,18
663,09:30:02,$ 3419.80,5
664,09:30:02,$ 3419.80,2
665,09:30:02,$ 3419.80,3
666,09:30:02,$ 3419.80,1
667,09:30:02,$ 3419.80,4
668,09:30:02,$ 3419.80,12
669,09:30:02,$ 3419.80,20
670,09:30:02,$ 3419.80,2
671,09:30:02,$ 3419.80,10
673,09:30:02,$ 3419.80,1
674,09:30:02,$ 3419.80,1
675,09:30:02,$ 3419.80,2
676,09:30:02,$ 3419.80,2
677,09:30:02,$ 3419.80,4
678,09:30:02,$ 3419.80,2
679,09:30:02,$ 3419.80,5
680,09:30:02,$ 3419.80,1
681,09:30:02,$ 3419.80,4
682,09:30:02,$ 3419.80,1
683,09:30:02,$ 3419.80,1
684,09:30:02,$ 3419.80,1
685,09:30:02,$ 3419.80,1
686,09:30:02,$ 3419.80,1
687,09:30:02,$ 3419.80,1
688,09:30:02,$ 3419.80,1
689,09:30:02,$ 3419.80,1
690,09:30:02,$ 3419.80,1
691,09:30:02,$ 3419.80,1
692,09:30:02,$ 3419.80,1
694,09:30:02,$ 3419.80,1
695,09:30:02,$ 3419.80,1
696,09:30:02,$ 3419.80,1
697,09:30:02,$ 3419.80,1
698,09:30:02,$ 3419.80,1
699,09:30:02,$ 3419.80,1
700,09:30:02,$ 3419.80,1
701,09:30:02,$ 3419.80,1
702,09:30:02,$ 3419.80,1
703,09:30:02,$ 3419.80,1
704,09:30:02,$ 3419.80,1
705,09:30:02,$ 3419.80,1
706,09:30:02,$ 3419.80,1
707,09:30:02,$ 3419.80,1
708,09:30:02,$ 3419.80,1
709,09:30:02,$ 3419.80,1
710,09:30:02,$ 3419.80,20
711,09:30:02,$ 3419.80,1
712,09:30:02,$ 3419.80,1
713,09:30:02,$ 3419.80,1
715,09:30:02,$ 3419.80,1
716,09:30:02,$ 3419.80,1
717,09:30:02,$ 3419.80,2
718,09:30:02,$ 3419.80,1
719,09:30:02,$ 3419.80,1
720,09:30:02,$ 3419.80,1
721,09:30:02,$ 3419.80,1
722,09:30:02,$ 3419.80,1
723,09:30:02,$ 3419.80,1
724,09:30:02,$ 3419.80,1
725,09:30:02,$ 3419.80,1
726,09:30:02,$ 3419.80,1
727,09:30:02,$ 3419.80,1
728,09:30:02,$ 3419.80,1
729,09:30:02,$ 3419.80,1
730,09:30:02,$ 3419.80,1
731,09:30:02,$ 3419.80,1
732,09:30:02,$ 3419.80,1
733,09:30:02,$ 3419.80,1
734,09:30:02,$ 3419.80,1
736,09:30:02,$ 3419.80,1
737,09:30:02,$ 3419.80,1
738,09:30:02,$ 3419.80,1
739,09:30:02,$ 3419.80,1
740,09:30:02,$ 3419.80,1
741,09:30:02,$ 3419.80,1
742,09:30:02,$ 3419.80,1
743,09:30:02,$ 3419.80,1
744,09:30:02,$ 3419.80,1
745,09:30:02,$ 3419.80,1
746,09:30:02,$ 3419.80,1
747,09:30:02,$ 3419.80,1
748,09:30:02,$ 3419.80,1
749,09:30:02,$ 3419.80,1
750,09:30:02,$ 3419.80,1
751,09:30:02,$ 3419.80,1
752,09:30:02,$ 3419.80,1
753,09:30:02,$ 3419.80,1
754,09:30:02,$ 3419.80,1
755,09:30:02,$ 3419.80,1
757,09:30:02,$ 3419.80,1
758,09:30:02,$ 3419.80,25
759,09:30:02,$ 3419.80,1
760,09:30:02,$ 3419.80,1
761,09:30:02,$ 3419.80,1
762,09:30:02,$ 3419.80,1
763,09:30:02,$ 3419.80,3
764,09:30:02,$ 3419.80,1
765,09:30:02,$ 3419.80,1
766,09:30:02,$ 3419.80,1
767,09:30:02,$ 3419.80,1
768,09:30:02,$ 3419.80,1
769,09:30:02,$ 3419.80,1
770,09:30:02,$ 3419.80,1
771,09:30:02,$ 3419.80,1
772,09:30:02,$ 3419.80,1
773,09:30:02,$ 3419.80,1
774,09:30:02,$ 3419.80,1
775,09:30:02,$ 3419.80,10
776,09:30:02,$ 3419.80,72
778,09:30:02,$ 3419.80,10
779,09:30:02,$ 3419.80,45
780,09:30:02,$ 3419.80,1
781,09:30:02,$ 3419.80,1
782,09:30:02,$ 3419.80,1
783,09:30:02,$ 3419.80,4
784,09:30:02,$ 3419.80,12
785,09:30:02,$ 3419.80,5
786,09:30:02,$ 3419.80,3
787,09:30:02,$ 3419.80,28
788,09:30:02,$ 3419.80,1
789,09:30:02,$ 3419.80,3
790,09:30:02,$ 3419.80,1
791,09:30:02,$ 3419.80,1
792,09:30:02,$ 3419.80,1
793,09:30:02,$ 3419.80,3
794,09:30:02,$ 3419.80,1
795,09:30:02,$ 3419.80,3
796,09:30:02,$ 3419.80,1
797,09:30:02,$ 3419.80,1
799,09:30:02,$ 3419.80,1
800,09:30:02,$ 3419.80,1
801,09:30:02,$ 3419.80,3
802,09:30:02,$ 3419.80,1
803,09:30:02,$ 3419.80,1
804,09:30:02,$ 3419.80,1
805,09:30:02,$ 3419.80,1
806,09:30:02,$ 3419.80,1
807,09:30:02,$ 3419.80,2
808,09:30:02,$ 3419.80,1
809,09:30:02,$ 3419.80,3
810,09:30:02,$ 3419.80,2
811,09:30:02,$ 3419.80,2
812,09:30:02,$ 3419.80,1
813,09:30:02,$ 3419.80,10
814,09:30:02,$ 3419.80,20
815,09:30:02,$ 3419.80,1
816,09:30:02,$ 3419.80,2
817,09:30:02,$ 3419.80,2
818,09:30:02,$ 3419.80,5
820,09:30:02,$ 3419.80,1
821,09:30:02,$ 3419.80,20
822,09:30:02,$ 3419.80,3
823,09:30:02,$ 3419.80,29
824,09:30:02,$ 3419.80,5
825,09:30:02,$ 3419.80,19
826,09:30:02,$ 3419.80,2
827,09:30:02,$ 3419.80,15
828,09:30:02,$ 3419.80,3
829,09:30:02,$ 3419.80,20
830,09:30:02,$ 3419.80,15
831,09:30:02,$ 3419.80,15
832,09:30:02,$ 3419.80,5
833,09:30:02,$ 3419.80,2
834,09:30:02,$ 3419.80,2
835,09:30:02,$ 3419.80,5
836,09:30:02,$ 3419.80,4
837,09:30:02,$ 3419.80,8
838,09:30:02,$ 3419.80,2
839,09:30:02,$ 3419.80,15
841,09:30:02,$ 3419.80,15
842,09:30:02,$ 3419.80,41
843,09:30:02,$ 3419.80,22
844,09:30:02,$ 3419.80,1
845,09:30:02,$ 3419.80,2
846,09:30:02,$ 3419.80,2
847,09:30:02,$ 3419.80,6
848,09:30:02,$ 3419.80,3
849,09:30:02,$ 3419.80,2
850,09:30:02,$ 3419.80,30
851,09:30:02,$ 3419.80,3
852,09:30:02,$ 3419.80,1
853,09:30:02,$ 3419.80,1
854,09:30:02,$ 3419.80,2
855,09:30:02,$ 3419.80,4
856,09:30:02,$ 3419.80,3
857,09:30:02,$ 3419.80,3
858,09:30:02,$ 3419.80,5
859,09:30:02,$ 3419.80,1
860,09:30:02,$ 3419.80,1
862,09:30:02,$ 3419.80,1
863,09:30:02,$ 3419.80,2
864,09:30:02,$ 3419.80,1
865,09:30:02,$ 3419.80,110
866,09:30:02,$ 3419.80,1
867,09:30:02,$ 3419.80,3
868,09:30:02,$ 3419.80,2
869,09:30:02,$ 3419.80,28
870,09:30:02,$ 3419.80,1
871,09:30:02,$ 3419.80,1
872,09:30:02,$ 3419.80,10
873,09:30:02,$ 3419.80,3
874,09:30:02,$ 3419.80,10
875,09:30:02,$ 3419.80,1
876,09:30:02,$ 3419.80,3
877,09:30:02,$ 3419.80,5
878,09:30:02,$ 3419.80,6
879,09:30:02,$ 3419.80,2
880,09:30:02,$ 3419.80,2
881,09:30:02,$ 3419.80,1
883,09:30:02,$ 3419.80,50
884,09:30:02,$ 3419.80,2
885,09:30:02,$ 3419.80,1
886,09:30:02,$ 3419.80,1
887,09:30:02,$ 3419.80,5
888,09:30:02,$ 3419.80,1
889,09:30:02,$ 3419.80,1
890,09:30:02,$ 3419.80,3
891,09:30:02,$ 3419.80,2
892,09:30:02,$ 3419.80,29
893,09:30:02,$ 3419.80,2
894,09:30:02,$ 3419.80,29
895,09:30:02,$ 3419.80,1
896,09:30:02,$ 3419.80,1
897,09:30:02,$ 3419.80,30
898,09:30:02,$ 3419.80,30
899,09:30:02,$ 3419.80,10
900,09:30:02,$ 3419.80,1
901,09:30:02,$ 3419.80,1
902,09:30:02,$ 3419.80,200
904,09:30:02,$ 3419.80,20
905,09:30:02,$ 3419.80,1
906,09:30:02,$ 3419.80,3
907,09:30:02,$ 3419.80,1
908,09:30:02,$ 3419.80,1
909,09:30:02,$ 3419.80,20
910,09:30:02,$ 3419.80,7
911,09:30:02,$ 3419.80,2
912,09:30:02,$ 3419.80,1
913,09:30:02,$ 3419.80,2
914,09:30:02,$ 3419.80,100
915,09:30:02,$ 3419.80,30
916,09:30:02,$ 3419.80,37
917,09:30:02,$ 3419.80,3
918,09:30:02,$ 3419.80,16
919,09:30:02,$ 3419.80,2
920,09:30:02,$ 3419.80,1
921,09:30:02,$ 3419.80,1
922,09:30:02,$ 3419.80,1
923,09:30:02,$ 3419.80,3
925,09:30:02,$ 3419.80,3
926,09:30:02,$ 3419.80,3
927,09:30:02,$ 3419.80,1
928,09:30:02,$ 3419.80,17
929,09:30:02,$ 3419.80,4
930,09:30:02,$ 3419.80,1
931,09:30:02,$ 3419.80,3
932,09:30:02,$ 3419.80,5
933,09:30:02,$ 3419.80,5
934,09:30:02,$ 3419.80,1
935,09:30:02,$ 3419.80,3
936,09:30:02,$ 3419.80,1
937,09:30:02,$ 3419.80,17
938,09:30:02,$ 3419.80,10
939,09:30:02,$ 3419.80,10
940,09:30:02,$ 3419.80,12
941,09:30:02,$ 3419.80,5
942,09:30:02,$ 3419.80,2
943,09:30:02,$ 3419.80,1
944,09:30:02,$ 3419.80,10
946,09:30:02,$ 3419.80,1
947,09:30:02,$ 3419.80,3
948,09:30:02,$ 3419.80,1
949,09:30:02,$ 3419.80,100
950,09:30:02,$ 3419.80,15
951,09:30:02,$ 3419.80,100
952,09:30:02,$ 3419.80,1
953,09:30:02,$ 3419.80,1
954,09:30:02,$ 3419.80,5
955,09:30:02,$ 3419.80,1
956,09:30:02,$ 3419.80,5
957,09:30:02,$ 3419.80,1
958,09:30:02,$ 3419.80,1
959,09:30:02,$ 3419.80,1
960,09:30:02,$ 3419.80,2
961,09:30:02,$ 3419.80,1
962,09:30:02,$ 3419.80,5
963,09:30:02,$ 3419.80,1
964,09:30:02,$ 3419.80,2
965,09:30:02,$ 3419.80,1
967,09:30:02,$ 3419.80,3
968,09:30:02,$ 3419.80,2
969,09:30:02,$ 3419.80,1
970,09:30:02,$ 3419.80,1
971,09:30:02,$ 3419.80,1
972,09:30:02,$ 3419.80,30
973,09:30:02,$ 3419.80,1
974,09:30:02,$ 3419.80,2
975,09:30:02,$ 3419.80,2
976,09:30:02,$ 3419.80,3
977,09:30:02,$ 3419.80,1
978,09:30:02,$ 3419.80,1
979,09:30:02,$ 3419.80,10
980,09:30:02,$ 3419.80,1
981,09:30:02,$ 3419.80,1
982,09:30:02,$ 3419.80,10
983,09:30:02,$ 3419.80,10
984,09:30:02,$ 3419.80,28
985,09:30:02,$ 3419.80,1
986,09:30:02,$ 3419.80,2
988,09:30:02,$ 3419.80,2
989,09:30:02,$ 3419.80,1
990,09:30:02,$ 3419.80,1
991,09:30:02,$ 3419.80,3
992,09:30:02,$ 3419.80,1
993,09:30:02,$ 3419.80,1
994,09:30:02,$ 3419.80,1
995,09:30:02,$ 3419.80,36
996,09:30:02,$ 3419.80,3
997,09:30:02,$ 3419.80,1
998,09:30:02,$ 3419.80,1
999,09:30:02,$ 3419.80,100
1000,09:30:02,$ 3419.80,1
1001,09:30:02,$ 3419.80,8
1002,09:30:02,$ 3419.80,11
1003,09:30:02,$ 3419.80,319
1004,09:30:02,$ 3419.80,1
1005,09:30:02,$ 3419.80,1
1006,09:30:02,$ 3419.80,10
1007,09:30:02,$ 3419.80,3
1009,09:30:02,$ 3419.80,8
1010,09:30:02,$ 3419.80,24
1011,09:30:02,$ 3419.80,7
1012,09:30:02,$ 3419.80,24
1013,09:30:02,$ 3419.80,20
1014,09:30:02,$ 3419.80,56
1015,09:30:02,$ 3419.80,40
1016,09:30:02,$ 3419.80,2
1017,09:30:02,$ 3419.80,150
1018,09:30:02,$ 3419.80,18
1019,09:30:02,$ 3419.80,2
1020,09:30:02,$ 3419.80,2
1021,09:30:02,$ 3419.80,1
1022,09:30:02,$ 3419.80,1
1023,09:30:02,$ 3419.80,6
1024,09:30:02,$ 3419.80,1
1025,09:30:02,$ 3419.80,10
1026,09:30:02,$ 3419.80,2
1027,09:30:02,$ 3419.80,16
1028,09:30:02,$ 3419.80,10
1030,09:30:02,$ 3419.80,4
1031,09:30:02,$ 3419.80,1
1032,09:30:02,$ 3419.80,1
1033,09:30:02,$ 3419.80,3
1034,09:30:02,$ 3419.80,1
1035,09:30:02,$ 3419.80,58
1036,09:30:02,$ 3419.80,2
1037,09:30:02,$ 3419.80,4
1038,09:30:02,$ 3419.80,29
1039,09:30:02,$ 3419.80,135
1040,09:30:02,$ 3419.80,4
1041,09:30:02,$ 3419.80,51
1042,09:30:02,$ 3419.80,2
1043,09:30:02,$ 3419.80,2
1044,09:30:02,$ 3419.80,1
1045,09:30:02,$ 3419.80,2
1046,09:30:02,$ 3419.80,1
1047,09:30:02,$ 3419.80,1
1048,09:30:02,$ 3419.80,1
1049,09:30:02,$ 3419.80,1
1051,09:30:02,$ 3419.80,2
1052,09:30:02,$ 3419.80,4
1053,09:30:02,$ 3419.80,1
1054,09:30:02,$ 3419.80,1
1055,09:30:02,$ 3419.80,1
1056,09:30:02,$ 3419.80,5
1057,09:30:02,$ 3419.80,1
1058,09:30:02,$ 3419.80,3
1059,09:30:02,$ 3419.80,1
1060,09:30:02,$ 3419.80,6
1061,09:30:02,$ 3419.80,1
1062,09:30:02,$ 3419.80,1
1063,09:30:02,$ 3419.80,10
1064,09:30:02,$ 3419.80,7
1065,09:30:02,$ 3419.80,1
1066,09:30:02,$ 3419.80,1
1067,09:30:02,$ 3419.80,1
1068,09:30:02,$ 3419.80,1
1069,09:30:02,$ 3419.80,2
1070,09:30:02,$ 3419.80,10
1072,09:30:02,$ 3419.80,42
1073,09:30:02,$ 3419.80,100
1074,09:30:02,$ 3419.80,3
1075,09:30:02,$ 3419.80,1
1076,09:30:02,$ 3419.80,14
1077,09:30:02,$ 3419.80,1
1078,09:30:02,$ 3419.80,1
1079,09:30:02,$ 3419.80,1
1080,09:30:02,$ 3419.80,1
1081,09:30:02,$ 3419.80,3
1082,09:30:02,$ 3419.80,2
1083,09:30:02,$ 3419.80,1
1084,09:30:02,$ 3419.80,3
1085,09:30:02,$ 3419.80,1
1086,09:30:02,$ 3419.80,7
1087,09:30:02,$ 3419.80,1
1088,09:30:02,$ 3419.80,11
1089,09:30:02,$ 3419.80,2
1090,09:30:02,$ 3419.80,1
1091,09:30:02,$ 3419.80,1
1093,09:30:02,$ 3419.80,1
1094,09:30:02,$ 3419.80,1
1095,09:30:02,$ 3419.80,1
1096,09:30:02,$ 3419.80,1
1097,09:30:02,$ 3419.80,1
1098,09:30:02,$ 3419.80,7
1099,09:30:02,$ 3419.80,1
1100,09:30:02,$ 3419.80,200
1101,09:30:02,$ 3419.80,1
1102,09:30:02,$ 3419.80,6
1103,09:30:02,$ 3419.80,80
1104,09:30:02,$ 3419.80,128
1105,09:30:02,$ 3419.80,2
1106,09:30:02,$ 3419.80,23
1107,09:30:02,$ 3419.80,42
1108,09:30:02,$ 3419.80,75
1109,09:30:02,$ 3419.80,10
1110,09:30:02,$ 3419.80,200
1111,09:30:02,$ 3419.80,10
1112,09:30:02,$ 3419.80,1
1114,09:30:02,$ 3419.80,8
1115,09:30:02,$ 3419.80,51
1116,09:30:02,$ 3419.80,51
1117,09:30:02,$ 3419.80,51
1118,09:30:02,$ 3419.80,14
1119,09:30:02,$ 3419.80,51
1120,09:30:02,$ 3419.80,100
1121,09:30:02,$ 3419.80,51
1122,09:30:02,$ 3419.80,49
1123,09:30:02,$ 3419.80,5
1124,09:30:02,$ 3419.80,36
1125,09:30:02,$ 3419.80,14
1126,09:30:02,$ 3419.80,17
1127,09:30:02,$ 3419.80,17
1128,09:30:02,$ 3419.80,14
1129,09:30:02,$ 3419.80,12
1130,09:30:02,$ 3419.80,1
1131,09:30:02,$ 3419.80,307
1132,09:30:02,$ 3419.80,350
1133,09:30:02,$ 3419.80,2
1135,09:30:02,$ 3419.80,2
1136,09:30:02,$ 3419.80,6
1137,09:30:02,$ 3419.80,11
1138,09:30:02,$ 3419.80,6
1139,09:30:02,$ 3419.80,100
1140,09:30:02,$ 3419.80,7
1141,09:30:02,$ 3419.80,210
1142,09:30:02,$ 3419.80,1
1143,09:30:02,$ 3419.80,390
1144,09:30:02,$ 3419.80,156
1145,09:30:02,$ 3419.80,3
1146,09:30:02,$ 3419.80,5
1147,09:30:02,$ 3419.80,3
1148,09:30:02,$ 3419.80,"1,282"
1149,09:30:02,$ 3419.80,1
1150,09:30:02,$ 3419.80,179
1151,09:30:02,$ 3419.80,1
1152,09:30:02,$ 3419.80,1
1153,09:30:02,$ 3419.80,1
1154,09:30:02,$ 3419.80,100
1156,09:30:02,$ 3419.80,1
1157,09:30:02,$ 3419.80,4
1158,09:30:02,$ 3419.80,1
1159,09:30:02,$ 3419.80,4
1160,09:30:02,$ 3419.80,1
1161,09:30:02,$ 3419.80,1
1162,09:30:02,$ 3419.80,10
1163,09:30:02,$ 3419.80,87
1164,09:30:02,$ 3419.80,8
1165,09:30:02,$ 3419.80,4
1166,09:30:02,$ 3419.80,14
1167,09:30:02,$ 3419.80,8
1168,09:30:02,$ 3419.80,2
1169,09:30:02,$ 3419.80,4
1170,09:30:02,$ 3419.80,11
1171,09:30:02,$ 3419.80,4
1172,09:30:02,$ 3419.80,1
1173,09:30:02,$ 3419.80,4
1174,09:30:02,$ 3419.80,107
1175,09:30:02,$ 3419.80,2
1177,09:30:02,$ 3419.80,1
1178,09:30:02,$ 3419.80,18
1179,09:30:02,$ 3419.80,10
1180,09:30:02,$ 3419.80,25
1181,09:30:02,$ 3419.80,20
1182,09:30:02,$ 3419.80,5
1183,09:30:02,$ 3419.80,1
1184,09:30:02,$ 3419.80,1
1185,09:30:02,$ 3419.80,18
1186,09:30:02,$ 3419.80,2
1187,09:30:02,$ 3419.80,300
1188,09:30:02,$ 3419.80,20
1189,09:30:02,$ 3419.80,1
1190,09:30:02,$ 3419.80,8
1191,09:30:02,$ 3419.80,14
1192,09:30:02,$ 3419.80,3
1193,09:30:02,$ 3419.80,2
1194,09:30:02,$ 3419.80,150
1195,09:30:02,$ 3419.80,1
1196,09:30:02,$ 3419.80,5
1198,09:30:02,$ 3419.80,1
1199,09:30:02,$ 3419.80,19
1200,09:30:02,$ 3419.80,23
1201,09:30:02,$ 3419.80,1
1202,09:30:02,$ 3419.80,4
1203,09:30:02,$ 3419.80,8
1204,09:30:02,$ 3419.80,2
1205,09:30:02,$ 3419.80,18
1206,09:30:02,$ 3419.80,3
1207,09:30:02,$ 3419.80,11
1208,09:30:02,$ 3419.80,5
1209,09:30:02,$ 3419.80,3
1210,09:30:02,$ 3419.80,1
1211,09:30:02,$ 3419.80,1
1212,09:30:02,$ 3419.80,1
1213,09:30:02,$ 3419.80,1
1214,09:30:02,$ 3419.80,100
1215,09:30:02,$ 3419.80,3
1216,09:30:02,$ 3419.80,1
1217,09:30:02,$ 3419.80,140
1219,09:30:02,$ 3419.80,7
1220,09:30:02,$ 3419.80,1
1221,09:30:02,$ 3419.80,11
1222,09:30:02,$ 3419.80,2
1223,09:30:02,$ 3419.80,1
1224,09:30:02,$ 3419.80,1
1225,09:30:02,$ 3419.80,1
1226,09:30:02,$ 3419.80,1
1227,09:30:02,$ 3419.80,50
1228,09:30:02,$ 3419.80,3
1229,09:30:02,$ 3419.80,2
1230,09:30:02,$ 3419.80,2
1231,09:30:02,$ 3419.80,5
1232,09:30:02,$ 3419.80,1
1233,09:30:02,$ 3419.80,2
1234,09:30:02,$ 3419.80,1
1235,09:30:02,$ 3419.80,1
1236,09:30:02,$ 3419.80,1
1237,09:30:02,$ 3419.80,6
1238,09:30:02,$ 3419.80,1
1240,09:30:02,$ 3419.80,5
1241,09:30:02,$ 3419.80,53
1242,09:30:02,$ 3419.80,1
1243,09:30:02,$ 3419.80,6
1244,09:30:02,$ 3419.80,8
1245,09:30:02,$ 3419.80,8
1246,09:30:02,$ 3419.80,2
1247,09:30:02,$ 3419.80,9
1248,09:30:02,$ 3419.80,1
1249,09:30:02,$ 3419.80,1
1250,09:30:02,$ 3419.80,1
1251,09:30:02,$ 3419.80,50
1252,09:30:02,$ 3419.80,230
1253,09:30:02,$ 3419.80,2
1254,09:30:02,$ 3419.80,2
1255,09:30:02,$ 3419.80,1
1256,09:30:02,$ 3419.80,1
1257,09:30:02,$ 3419.80,2
1258,09:30:02,$ 3419.80,10
1259,09:30:02,$ 3419.80,1
1261,09:30:02,$ 3419.80,1
1262,09:30:02,$ 3419.80,21
1263,09:30:02,$ 3419.80,2
1264,09:30:02,$ 3419.80,2
1265,09:30:02,$ 3419.80,2
1266,09:30:02,$ 3419.80,15
1267,09:30:02,$ 3419.80,2
1268,09:30:02,$ 3419.80,2
1269,09:30:02,$ 3419.80,6
1270,09:30:02,$ 3419.80,2
1271,09:30:02,$ 3419.80,8
1272,09:30:02,$ 3419.80,1
1273,09:30:02,$ 3419.80,1
1274,09:30:02,$ 3419.80,1
1275,09:30:02,$ 3419.80,2
1276,09:30:02,$ 3419.80,2
1277,09:30:02,$ 3419.80,5
1278,09:30:02,$ 3419.80,200
1279,09:30:02,$ 3419.80,100
1280,09:30:02,$ 3419.80,1
1282,09:30:02,$ 3419.80,1
1283,09:30:02,$ 3419.80,13
1284,09:30:02,$ 3419.80,1
1285,09:30:02,$ 3419.80,1
1286,09:30:02,$ 3419.80,1
1287,09:30:02,$ 3419.80,1
1288,09:30:02,$ 3419.80,2
1289,09:30:02,$ 3419.80,14
1290,09:30:02,$ 3419.80,150
1291,09:30:02,$ 3419.80,2
1292,09:30:02,$ 3419.80,1
1293,09:30:02,$ 3419.80,24
1294,09:30:02,$ 3419.80,1
1295,09:30:02,$ 3419.80,1
1296,09:30:02,$ 3419.80,4
1297,09:30:02,$ 3419.80,1
1298,09:30:02,$ 3419.80,5
1299,09:30:02,$ 3419.80,1
1300,09:30:02,$ 3419.80,2
1301,09:30:02,$ 3419.80,34
1303,09:30:02,$ 3419.80,1
1304,09:30:02,$ 3419.80,4
1305,09:30:02,$ 3419.80,1
1306,09:30:02,$ 3419.80,22
1307,09:30:02,$ 3419.80,70
1308,09:30:02,$ 3419.80,"2,000"
1309,09:30:02,$ 3419.80,4
1310,09:30:02,$ 3419.80,4
1311,09:30:02,$ 3419.80,20
1312,09:30:02,$ 3419.80,36
1313,09:30:02,$ 3419.80,45
1314,09:30:02,$ 3419.80,1
1315,09:30:02,$ 3419.80,1
1316,09:30:02,$ 3419.80,17
1317,09:30:02,$ 3419.80,5
1318,09:30:02,$ 3419.80,3
1319,09:30:02,$ 3419.80,2
1320,09:30:02,$ 3419.80,1
1321,09:30:02,$ 3419.80,10
1322,09:30:02,$ 3419.80,30
1324,09:30:02,$ 3419.80,164
1325,09:30:02,$ 3419.80,1
1326,09:30:02,$ 3419.80,5
1327,09:30:02,$ 3419.80,2
1328,09:30:02,$ 3419.80,2
1329,09:30:02,$ 3419.80,5
1330,09:30:02,$ 3419.80,1
1331,09:30:02,$ 3419.80,4
1332,09:30:02,$ 3419.80,1
1333,09:30:02,$ 3419.80,5
1334,09:30:02,$ 3419.80,1
1335,09:30:02,$ 3419.80,2
1336,09:30:02,$ 3419.80,10
1337,09:30:02,$ 3419.80,53
1338,09:30:02,$ 3419.80,2
1339,09:30:02,$ 3419.80,1
1340,09:30:02,$ 3419.80,11
1341,09:30:02,$ 3419.80,3
1342,09:30:02,$ 3419.80,6
1343,09:30:02,$ 3419.80,1
1345,09:30:02,$ 3419.80,1
1346,09:30:02,$ 3419.80,3
1347,09:30:02,$ 3419.80,2
1348,09:30:02,$ 3419.80,1
1349,09:30:02,$ 3419.80,1
1350,09:30:02,$ 3419.80,1
1351,09:30:02,$ 3419.80,2
1352,09:30:02,$ 3419.80,6
1353,09:30:02,$ 3419.80,160
1354,09:30:02,$ 3419.80,10
1355,09:30:02,$ 3419.80,3
1356,09:30:02,$ 3419.80,1
1357,09:30:02,$ 3419.80,3
1358,09:30:02,$ 3419.80,1
1359,09:30:02,$ 3419.80,1
1360,09:30:02,$ 3419.80,4
1361,09:30:02,$ 3419.80,1
1362,09:30:02,$ 3419.80,2
1363,09:30:02,$ 3419.80,1
1364,09:30:02,$ 3419.80,1
1366,09:30:02,$ 3419.80,1
1367,09:30:02,$ 3419.80,14
1368,09:30:02,$ 3419.80,1
1369,09:30:02,$ 3419.80,30
1370,09:30:02,$ 3419.80,3
1371,09:30:02,$ 3419.80,1
1372,09:30:02,$ 3419.80,1
1373,09:30:02,$ 3419.80,20
1374,09:30:02,$ 3419.80,1
1375,09:30:02,$ 3419.80,8
1376,09:30:02,$ 3419.80,30
1377,09:30:02,$ 3419.80,5
1378,09:30:02,$ 3419.80,3
1379,09:30:02,$ 3419.80,2
1380,09:30:02,$ 3419.80,1
1381,09:30:02,$ 3419.80,3
1382,09:30:02,$ 3419.80,10
1383,09:30:02,$ 3419.80,1
1384,09:30:02,$ 3419.80,1
1385,09:30:02,$ 3419.80,1
1387,09:30:02,$ 3419.80,1
1388,09:30:02,$ 3419.80,1
1389,09:30:02,$ 3419.80,2
1390,09:30:02,$ 3419.80,10
1391,09:30:02,$ 3419.80,42
1392,09:30:02,$ 3419.80,10
1393,09:30:02,$ 3419.80,4
1394,09:30:02,$ 3419.80,1
1395,09:30:02,$ 3419.80,1
1396,09:30:02,$ 3419.80,1
1397,09:30:02,$ 3419.80,1
1398,09:30:02,$ 3419.80,1
1399,09:30:02,$ 3419.80,1
1400,09:30:02,$ 3419.80,1
1401,09:30:02,$ 3419.80,1
1402,09:30:02,$ 3419.80,1
1403,09:30:02,$ 3419.80,1
1404,09:30:02,$ 3419.80,14
1405,09:30:02,$ 3419.80,105
1406,09:30:02,$ 3419.80,5
1408,09:30:02,$ 3419.80,5
1409,09:30:02,$ 3419.80,25
1410,09:30:02,$ 3419.80,17
1411,09:30:02,$ 3419.80,12
1412,09:30:02,$ 3419.80,1
1413,09:30:02,$ 3419.80,1
1414,09:30:02,$ 3419.80,10
1415,09:30:02,$ 3419.80,2
1416,09:30:02,$ 3419.80,2
1417,09:30:02,$ 3419.80,11
1418,09:30:02,$ 3419.80,11
1419,09:30:02,$ 3419.80,10
1420,09:30:02,$ 3419.80,11
1421,09:30:02,$ 3419.80,14
1422,09:30:02,$ 3419.80,1
1423,09:30:02,$ 3419.80,1
1424,09:30:02,$ 3419.80,1
1425,09:30:02,$ 3419.80,9
1426,09:30:02,$ 3419.80,1
1427,09:30:02,$ 3419.80,1
1429,09:30:02,$ 3419.80,1
1430,09:30:02,$ 3419.80,1
1431,09:30:02,$ 3419.80,15
1432,09:30:02,$ 3419.80,1
1433,09:30:02,$ 3419.80,1
1434,09:30:02,$ 3419.80,1
1435,09:30:02,$ 3419.80,8
1436,09:30:02,$ 3419.80,6
1437,09:30:02,$ 3419.80,2
1438,09:30:02,$ 3419.80,1
1439,09:30:02,$ 3419.80,1
1440,09:30:02,$ 3419.80,2
1441,09:30:02,$ 3419.80,1
1442,09:30:02,$ 3419.80,1
1443,09:30:02,$ 3419.80,30
1444,09:30:02,$ 3419.80,1
1445,09:30:02,$ 3419.80,1
1446,09:30:02,$ 3419.80,21
1447,09:30:02,$ 3419.80,8
1448,09:30:02,$ 3419.80,2
1450,09:30:02,$ 3419.80,50
1451,09:30:02,$ 3419.80,6
1452,09:30:02,$ 3419.80,4
1453,09:30:02,$ 3419.80,1
1454,09:30:02,$ 3419.80,1
1455,09:30:02,$ 3419.80,6
1456,09:30:02,$ 3419.80,5
1457,09:30:02,$ 3419.80,2
1458,09:30:02,$ 3419.80,3
1459,09:30:02,$ 3419.80,1
1460,09:30:02,$ 3419.80,1
1461,09:30:02,$ 3419.80,3
1462,09:30:02,$ 3419.80,10
1463,09:30:02,$ 3419.80,5
1464,09:30:02,$ 3419.80,1
1465,09:30:02,$ 3419.80,18
1466,09:30:02,$ 3419.80,1
1467,09:30:02,$ 3419.80,3
1468,09:30:02,$ 3419.80,1
1469,09:30:02,$ 3419.80,60
1471,09:30:02,$ 3419.80,50
1472,09:30:02,$ 3419.80,2
1473,09:30:02,$ 3419.80,1
1474,09:30:02,$ 3419.80,3
1475,09:30:02,$ 3419.80,118
1476,09:30:02,$ 3419.80,1
1477,09:30:02,$ 3419.80,1
1478,09:30:02,$ 3419.80,17
1479,09:30:02,$ 3419.80,2
1480,09:30:02,$ 3419.80,1
1481,09:30:02,$ 3419.80,3
1482,09:30:02,$ 3419.80,1
1483,09:30:02,$ 3419.80,5
1484,09:30:02,$ 3419.80,1
1485,09:30:02,$ 3419.80,15
1486,09:30:02,$ 3419.80,2
1487,09:30:02,$ 3419.80,1
1488,09:30:02,$ 3419.80,2
1489,09:30:02,$ 3419.80,2
1490,09:30:02,$ 3419.80,2
1492,09:30:02,$ 3419.80,1
1493,09:30:02,$ 3419.80,3
1494,09:30:02,$ 3419.80,1
1495,09:30:02,$ 3419.80,2
1496,09:30:02,$ 3419.80,1
1497,09:30:02,$ 3419.80,1
1498,09:30:02,$ 3419.80,3
1499,09:30:02,$ 3419.80,2
1500,09:30:02,$ 3419.80,1
1501,09:30:02,$ 3419.80,2
1502,09:30:02,$ 3419.80,1
1503,09:30:02,$ 3419.80,3
1504,09:30:02,$ 3419.80,1
1505,09:30:02,$ 3419.80,2
1506,09:30:02,$ 3419.80,7
1507,09:30:02,$ 3419.80,1
1508,09:30:02,$ 3419.80,5
1509,09:30:02,$ 3419.80,7
1510,09:30:02,$ 3419.80,1
1511,09:30:02,$ 3419.80,5
1513,09:30:02,$ 3419.80,1
1514,09:30:02,$ 3419.80,3
1515,09:30:02,$ 3419.80,1
1516,09:30:02,$ 3419.80,6
1517,09:30:02,$ 3419.80,1
1518,09:30:02,$ 3419.80,3
1519,09:30:02,$ 3419.80,5
1520,09:30:02,$ 3419.80,6
1521,09:30:02,$ 3419.80,2
1522,09:30:02,$ 3419.80,1
1523,09:30:02,$ 3419.80,1
1524,09:30:02,$ 3419.80,1
1525,09:30:02,$ 3419.80,1
1526,09:30:02,$ 3419.80,5
1527,09:30:02,$ 3419.80,115
1528,09:30:02,$ 3419.80,8
1529,09:30:02,$ 3419.80,1
1530,09:30:02,$ 3419.80,5
1531,09:30:02,$ 3419.80,1
1532,09:30:02,$ 3419.80,1
1534,09:30:02,$ 3419.80,1
1535,09:30:02,$ 3419.80,1
1536,09:30:02,$ 3419.80,1
1537,09:30:02,$ 3419.80,4
1538,09:30:02,$ 3419.80,7
1539,09:30:02,$ 3419.80,1
1540,09:30:02,$ 3419.80,20
1541,09:30:02,$ 3419.80,1
1542,09:30:02,$ 3419.80,2
1543,09:30:02,$ 3419.80,1
1544,09:30:02,$ 3419.80,1
1545,09:30:02,$ 3419.80,1
1546,09:30:02,$ 3419.80,1
1547,09:30:02,$ 3419.80,1
1548,09:30:02,$ 3419.80,1
1549,09:30:02,$ 3419.80,17
1550,09:30:02,$ 3419.80,1
1551,09:30:02,$ 3419.80,1
1552,09:30:02,$ 3419.80,1
1553,09:30:02,$ 3419.80,2
1555,09:30:02,$ 3419.80,60
1556,09:30:02,$ 3419.80,1
1557,09:30:02,$ 3419.80,1
1558,09:30:02,$ 3419.80,6
1559,09:30:02,$ 3419.80,3
1560,09:30:02,$ 3419.80,2
1561,09:30:02,$ 3419.80,7
1562,09:30:02,$ 3419.80,1
1563,09:30:02,$ 3419.80,29
1564,09:30:02,$ 3419.80,2
1565,09:30:02,$ 3419.80,15
1566,09:30:02,$ 3419.80,155
1567,09:30:02,$ 3419.80,30
1568,09:30:02,$ 3419.80,1
1569,09:30:02,$ 3419.80,1
1570,09:30:02,$ 3419.80,1
1571,09:30:02,$ 3419.80,10
1572,09:30:02,$ 3419.80,1
1573,09:30:02,$ 3419.80,1
1574,09:30:02,$ 3419.80,5
1576,09:30:02,$ 3419.80,5
1577,09:30:02,$ 3419.80,2
1578,09:30:02,$ 3419.80,1
1579,09:30:02,$ 3419.80,19
1580,09:30:02,$ 3419.80,1
1581,09:30:02,$ 3419.80,1
1582,09:30:02,$ 3419.80,3
1583,09:30:02,$ 3419.80,2
1584,09:30:02,$ 3419.80,1
1585,09:30:02,$ 3419.80,1
1586,09:30:02,$ 3419.80,1
1587,09:30:02,$ 3419.80,5
1588,09:30:02,$ 3419.80,1
1589,09:30:02,$ 3419.80,1
1590,09:30:02,$ 3419.80,1
1591,09:30:02,$ 3419.80,1
1592,09:30:02,$ 3419.80,1
1593,09:30:02,$ 3419.80,4
1594,09:30:02,$ 3419.80,5
1595,09:30:02,$ 3419.80,1
1597,09:30:02,$ 3419.80,1
1598,09:30:02,$ 3419.80,8
1599,09:30:02,$ 3419.80,1
1600,09:30:02,$ 3419.80,7
1601,09:30:02,$ 3419.80,40
1602,09:30:02,$ 3419.80,20
1603,09:30:02,$ 3419.80,2
1604,09:30:02,$ 3419.80,3
1605,09:30:02,$ 3419.80,2
1606,09:30:02,$ 3419.80,7
1607,09:30:02,$ 3419.80,680
1608,09:30:02,$ 3419.80,100
1609,09:30:02,$ 3419.80,6
1610,09:30:02,$ 3419.80,7
1611,09:30:02,$ 3419.80,1
1612,09:30:02,$ 3419.80,18
1613,09:30:02,$ 3419.80,3
1614,09:30:02,$ 3419.80,4
1615,09:30:02,$ 3419.80,1
1616,09:30:02,$ 3419.80,1
1618,09:30:02,$ 3419.80,91
1619,09:30:02,$ 3419.80,1
1620,09:30:02,$ 3419.80,15
1621,09:30:02,$ 3419.80,1
1622,09:30:02,$ 3419.80,2
1623,09:30:02,$ 3419.80,1
1624,09:30:02,$ 3419.80,1
1625,09:30:02,$ 3419.80,2
1626,09:30:02,$ 3419.80,1
1627,09:30:02,$ 3419.80,1
1628,09:30:02,$ 3419.80,1
1629,09:30:02,$ 3419.80,1
1630,09:30:02,$ 3419.80,1
1631,09:30:02,$ 3419.80,10
1632,09:30:02,$ 3419.80,1
1633,09:30:02,$ 3419.80,1
1634,09:30:02,$ 3419.80,7
1635,09:30:02,$ 3419.80,1
1636,09:30:02,$ 3419.80,1
1637,09:30:02,$ 3419.80,3
1639,09:30:02,$ 3419.80,1
1640,09:30:02,$ 3419.80,3
1641,09:30:02,$ 3419.80,1
1642,09:30:02,$ 3419.80,1
1643,09:30:02,$ 3419.80,1
1644,09:30:02,$ 3419.80,1
1645,09:30:02,$ 3419.80,1
1646,09:30:02,$ 3419.80,3
1647,09:30:02,$ 3419.80,3
1648,09:30:02,$ 3419.80,1
1649,09:30:02,$ 3419.80,1
1650,09:30:02,$ 3419.80,1
1651,09:30:02,$ 3419.80,10
1652,09:30:02,$ 3419.80,10
1653,09:30:02,$ 3419.80,1
1654,09:30:02,$ 3419.80,1
1655,09:30:02,$ 3419.80,1
1656,09:30:02,$ 3419.80,2
1657,09:30:02,$ 3419.80,1
1658,09:30:02,$ 3419.80,28
1660,09:30:02,$ 3419.80,5
1661,09:30:02,$ 3419.80,1
1662,09:30:02,$ 3419.80,1
1663,09:30:02,$ 3419.80,1
1664,09:30:02,$ 3419.80,1
1665,09:30:02,$ 3419.80,1
1666,09:30:02,$ 3419.80,40
1667,09:30:02,$ 3419.80,1
1668,09:30:02,$ 3419.80,1
1669,09:30:02,$ 3419.80,1
1670,09:30:02,$ 3419.80,1
1671,09:30:02,$ 3419.80,1
1672,09:30:02,$ 3419.80,1
1673,09:30:02,$ 3419.80,1
1674,09:30:02,$ 3419.80,1
1675,09:30:02,$ 3419.80,1
1676,09:30:02,$ 3419.80,1
1677,09:30:02,$ 3419.80,1
1678,09:30:02,$ 3419.80,1
1679,09:30:02,$ 3419.80,1
1681,09:30:02,$ 3419.80,1
1682,09:30:02,$ 3419.80,1
1683,09:30:02,$ 3419.80,1
1684,09:30:02,$ 3419.80,1
1685,09:30:02,$ 3419.80,1
1686,09:30:02,$ 3419.80,1
1687,09:30:02,$ 3419.80,1
1688,09:30:02,$ 3419.80,1
1689,09:30:02,$ 3419.80,1
1690,09:30:02,$ 3419.80,1
1691,09:30:02,$ 3419.80,1
1692,09:30:02,$ 3419.80,1
1693,09:30:02,$ 3419.80,1
1694,09:30:02,$ 3419.80,1
1695,09:30:02,$ 3419.80,1
1696,09:30:02,$ 3419.80,1
1697,09:30:02,$ 3419.80,1
1698,09:30:02,$ 3419.80,1
1699,09:30:02,$ 3419.80,1
1700,09:30:02,$ 3419.80,1
1702,09:30:02,$ 3419.80,1
1703,09:30:02,$ 3419.80,1
1704,09:30:02,$ 3419.80,1
1705,09:30:02,$ 3419.80,1
1706,09:30:02,$ 3419.80,1
1707,09:30:02,$ 3419.80,1
1708,09:30:02,$ 3419.80,1
1709,09:30:02,$ 3419.80,1
1710,09:30:02,$ 3419.80,1
1711,09:30:02,$ 3419.80,1
1712,09:30:02,$ 3419.80,1
1713,09:30:02,$ 3419.80,1
1714,09:30:02,$ 3419.80,1
1715,09:30:02,$ 3419.80,1
1716,09:30:02,$ 3419.80,1
1717,09:30:02,$ 3419.80,1
1718,09:30:02,$ 3419.80,1
1719,09:30:02,$ 3419.80,1
1720,09:30:02,$ 3419.80,1
1721,09:30:02,$ 3419.80,1
1723,09:30:02,$ 3419.80,1
1724,09:30:02,$ 3419.80,1
1725,09:30:02,$ 3419.80,1
1726,09:30:02,$ 3419.80,1
1727,09:30:02,$ 3419.80,1
1728,09:30:02,$ 3419.80,1
1729,09:30:02,$ 3419.80,1
1730,09:30:02,$ 3419.80,1
1731,09:30:02,$ 3419.80,1
1732,09:30:02,$ 3419.80,1
1733,09:30:02,$ 3419.80,1
1734,09:30:02,$ 3419.80,1
1735,09:30:02,$ 3419.80,1
1736,09:30:02,$ 3419.80,1
1737,09:30:02,$ 3419.80,1
1738,09:30:02,$ 3419.80,1
1739,09:30:02,$ 3419.80,1
1740,09:30:02,$ 3419.80,1
1741,09:30:02,$ 3419.80,1
1742,09:30:02,$ 3419.80,1
1744,09:30:02,$ 3419.80,1
1745,09:30:02,$ 3419.80,1
1746,09:30:02,$ 3419.80,22
1747,09:30:02,$ 3419.80,1
1748,09:30:02,$ 3419.80,1
1749,09:30:02,$ 3419.80,1
1750,09:30:02,$ 3419.80,1
1751,09:30:02,$ 3419.80,1
1752,09:30:02,$ 3419.80,1
1753,09:30:02,$ 3419.80,1
1754,09:30:02,$ 3419.80,1
1755,09:30:02,$ 3419.80,1
1756,09:30:02,$ 3419.80,1
1757,09:30:02,$ 3419.80,1
1758,09:30:02,$ 3419.80,1
1759,09:30:02,$ 3419.80,1
1760,09:30:02,$ 3419.80,1
1761,09:30:02,$ 3419.80,1
1762,09:30:02,$ 3419.80,1
1763,09:30:02,$ 3419.80,1
1765,09:30:02,$ 3419.80,15
1766,09:30:02,$ 3419.80,1
1767,09:30:02,$ 3419.80,1
1768,09:30:02,$ 3419.80,2
1769,09:30:02,$ 3419.80,2
1770,09:30:02,$ 3419.80,6
1771,09:30:02,$ 3419.80,1
1772,09:30:02,$ 3419.80,1
1773,09:30:02,$ 3419.80,7
1774,09:30:02,$ 3419.80,1
1775,09:30:02,$ 3419.80,10
1776,09:30:02,$ 3419.80,2
1777,09:30:02,$ 3419.80,2
1778,09:30:02,$ 3419.80,20
1779,09:30:02,$ 3419.80,58
1780,09:30:02,$ 3419.80,9
1781,09:30:02,$ 3419.80,90
1782,09:30:02,$ 3419.80,10
1783,09:30:02,$ 3419.80,3
1784,09:30:02,$ 3419.80,2
1786,09:30:02,$ 3419.80,1
1787,09:30:02,$ 3419.80,2
1788,09:30:02,$ 3419.80,5
1789,09:30:02,$ 3419.80,2
1790,09:30:02,$ 3419.80,100
1791,09:30:02,$ 3419.80,25
1792,09:30:02,$ 3419.80,20
1793,09:30:02,$ 3419.80,1
1794,09:30:02,$ 3419.80,5
1795,09:30:02,$ 3419.80,10
1796,09:30:02,$ 3419.80,9
1797,09:30:02,$ 3419.80,20
1798,09:30:02,$ 3419.80,2
1799,09:30:02,$ 3419.80,200
1800,09:30:02,$ 3419.80,49
1801,09:30:02,$ 3419.80,10
1802,09:30:02,$ 3419.80,2
1803,09:30:02,$ 3419.80,1
1804,09:30:02,$ 3419.80,1
1805,09:30:02,$ 3419.80,4
1807,09:30:02,$ 3419.80,1
1808,09:30:02,$ 3419.80,3
1809,09:30:02,$ 3419.80,8
1810,09:30:02,$ 3419.80,9
1811,09:30:02,$ 3419.80,10
1812,09:30:02,$ 3419.80,2
1813,09:30:02,$ 3419.80,1
1814,09:30:02,$ 3419.80,2
1815,09:30:02,$ 3419.80,3
1816,09:30:02,$ 3419.80,100
1817,09:30:02,$ 3419.80,1
1818,09:30:02,$ 3419.80,10
1819,09:30:02,$ 3419.80,150
1820,09:30:02,$ 3419.80,5
1821,09:30:02,$ 3419.80,1
1822,09:30:02,$ 3419.80,5
1823,09:30:02,$ 3419.80,1
1824,09:30:02,$ 3419.80,1
1825,09:30:02,$ 3419.80,2
1826,09:30:02,$ 3419.80,1
1828,09:30:02,$ 3419.80,1
1829,09:30:02,$ 3419.80,1
1830,09:30:02,$ 3419.80,1
1831,09:30:02,$ 3419.80,500
1832,09:30:02,$ 3419.80,130
1833,09:30:02,$ 3419.80,100
1834,09:30:02,$ 3419.80,1
1835,09:30:02,$ 3419.80,29
1836,09:30:02,$ 3419.80,22
1837,09:30:02,$ 3419.80,22
1838,09:30:02,$ 3419.80,100
1839,09:30:02,$ 3419.80,100
1840,09:30:02,$ 3419.80,1
1841,09:30:02,$ 3419.80,1
1842,09:30:02,$ 3419.80,1
1843,09:30:02,$ 3419.80,100
1844,09:30:02,$ 3419.80,10
1845,09:30:02,$ 3419.80,1
1846,09:30:02,$ 3419.80,1
1847,09:30:02,$ 3419.80,2
1849,09:30:02,$ 3419.80,5
1850,09:30:02,$ 3419.80,5
1851,09:30:02,$ 3419.80,10
1852,09:30:02,$ 3419.80,1
1853,09:30:02,$ 3419.80,2
1854,09:30:02,$ 3419.80,1
1855,09:30:02,$ 3419.80,3
1856,09:30:02,$ 3419.80,1
1857,09:30:02,$ 3419.80,1
1858,09:30:02,$ 3419.80,300
1859,09:30:02,$ 3419.80,100
1860,09:30:02,$ 3419.80,2
1861,09:30:02,$ 3419.80,150
1862,09:30:02,$ 3419.80,5
1863,09:30:02,$ 3419.80,2
1864,09:30:02,$ 3419.80,5
1865,09:30:02,$ 3419.80,3
1866,09:30:02,$ 3419.80,3
1867,09:30:02,$ 3419.80,1
1868,09:30:02,$ 3419.80,100
1870,09:30:02,$ 3419.80,3
1871,09:30:02,$ 3419.80,1
1872,09:30:02,$ 3419.80,5
1873,09:30:02,$ 3419.80,1
1874,09:30:02,$ 3419.80,1
1875,09:30:02,$ 3419.80,2
1876,09:30:02,$ 3419.80,20
1877,09:30:02,$ 3419.80,1
1878,09:30:02,$ 3419.80,1
1879,09:30:02,$ 3419.80,174
1880,09:30:02,$ 3419.80,1
1881,09:30:02,$ 3419.80,2
1882,09:30:02,$ 3419.80,1
1883,09:30:02,$ 3419.80,3
1884,09:30:02,$ 3419.80,1
1885,09:30:02,$ 3419.80,1
1886,09:30:02,$ 3419.80,2
1887,09:30:02,$ 3419.80,2
1888,09:30:02,$ 3419.80,1
1889,09:30:02,$ 3419.80,5
1891,09:30:02,$ 3419.80,1
1892,09:30:02,$ 3419.80,1
1893,09:30:02,$ 3419.80,2
1894,09:30:02,$ 3419.80,5
1895,09:30:02,$ 3419.80,39
1896,09:30:02,$ 3419.80,189
1897,09:30:02,$ 3419.80,1
1898,09:30:02,$ 3419.80,2
1899,09:30:02,$ 3419.80,1
1900,09:30:02,$ 3419.80,1
1901,09:30:02,$ 3419.80,10
1902,09:30:02,$ 3419.80,5
1903,09:30:02,$ 3419.80,2
1904,09:30:02,$ 3419.80,5
1905,09:30:02,$ 3419.80,1
1906,09:30:02,$ 3419.80,5
1907,09:30:02,$ 3419.80,1
1908,09:30:02,$ 3419.80,1
1909,09:30:02,$ 3419.80,15
1910,09:30:02,$ 3419.80,29
1912,09:30:02,$ 3419.80,100
1913,09:30:02,$ 3419.80,29
1914,09:30:02,$ 3419.80,4
1915,09:30:02,$ 3419.80,10
1916,09:30:02,$ 3419.80,1
1917,09:30:02,$ 3419.80,20
1918,09:30:02,$ 3419.80,20
1919,09:30:02,$ 3419.80,1
1920,09:30:02,$ 3419.80,1
1921,09:30:02,$ 3419.80,1
1922,09:30:02,$ 3421.74,165
1923,09:30:02,$ 3419.80,25
1924,09:30:02,$ 3419.80,10
1925,09:30:02,$ 3419.80,15
1927,10:29:42,$ 3405.89,100
1928,10:29:41,$ 3405.99,500
1929,10:29:35,$ 3405.60,165
1930,10:29:34,$ 3405.38,100
1931,10:29:34,$ 3405.42,100
1932,10:29:34,$ 3405.50,100
1933,10:29:14,$ 3405.76,100
1934,10:29:14,$ 3404.86,400
1935,10:29:14,$ 3405.00,143
1936,10:29:10,$ 3404.81,100
1937,10:29:06,$ 3405.00,100
1938,10:29:00,$ 3405.00,320
1939,10:28:57,$ 3404.3201,100
1940,10:28:51,$ 3404.60,233
1941,10:28:51,$ 3404.53,100
1942,10:28:42,$ 3404.36,100
1943,10:28:42,$ 3404.40,100
1944,10:28:42,$ 3404.36,196
1945,10:28:42,$ 3404.36,200
1946,10:28:41,$ 3404.94,100
1948,10:28:40,$ 3404.90,100
1949,10:28:33,$ 3404.64,100
1950,10:28:33,$ 3404.37,100
1951,10:28:31,$ 3404.57,100
1952,10:28:31,$ 3404.64,100
1953,10:28:15,$ 3404.005,100
1954,10:28:15,$ 3404.00,100
1955,10:28:15,$ 3403.989,126
1956,10:28:13,$ 3403.50,150
1957,10:28:12,$ 3403.49,100
1958,10:27:52,$ 3402.99,163
1959,10:27:49,$ 3402.41,100
1960,10:27:49,$ 3402.39,100
1961,10:27:46,$ 3402.60,100
1962,10:27:46,$ 3402.61,100
1963,10:27:30,$ 3402.6173,150
1964,10:27:16,$ 3401.58,100
1965,10:27:16,$ 3401.57,101
1966,10:26:35,$ 3402.41,101
1967,10:26:35,$ 3402.41,101
1969,10:26:35,$ 3402.41,100
1970,10:26:34,$ 3402.41,100
1971,10:26:33,$ 3402.41,100
1972,10:26:33,$ 3402.41,100
1973,10:26:33,$ 3402.41,100
1974,10:26:33,$ 3402.41,100
1975,10:26:32,$ 3402.41,100
1976,10:26:31,$ 3402.41,100
1977,10:26:31,$ 3402.41,100
1978,10:26:16,$ 3402.09,100
1979,10:26:10,$ 3402.04,100
1980,10:26:10,$ 3402.04,100
1981,10:26:01,$ 3402.04,100
1982,10:26:00,$ 3401.8109,100
1983,10:24:57,$ 3401.99,100
1984,10:24:57,$ 3402.47,100
1985,10:24:50,$ 3402.29,100
1986,10:24:46,$ 3402.28,100
1987,10:24:41,$ 3402.63,100
1988,10:24:40,$ 3402.99,100
1990,10:24:40,$ 3403.00,100
1991,10:24:40,$ 3402.99,100
1992,10:24:40,$ 3402.99,100
1993,10:24:40,$ 3402.99,144
1994,10:24:40,$ 3402.99,125
1995,10:24:39,$ 3402.59,100
1996,10:24:39,$ 3402.59,100
1997,10:24:25,$ 3401.89,100
1998,10:24:25,$ 3402.57,245
1999,10:24:20,$ 3402.57,300
2000,10:24:20,$ 3402.57,300
2001,10:24:20,$ 3402.57,245
2002,10:23:57,$ 3402.185,100
2003,10:23:54,$ 3401.85,100
2004,10:23:37,$ 3402.44,100
2005,10:23:31,$ 3401.50,100
2006,10:23:17,$ 3402.67,100
2007,10:23:17,$ 3402.66,100
2008,10:23:17,$ 3402.66,100
2009,10:23:17,$ 3402.66,100
2011,10:23:17,$ 3402.66,100
2012,10:23:17,$ 3402.66,100
2013,10:23:17,$ 3402.66,100
2014,10:23:17,$ 3402.66,100
2015,10:23:17,$ 3402.66,100
2016,10:23:17,$ 3402.66,100
2017,10:23:17,$ 3402.66,100
2018,10:23:17,$ 3402.66,100
2019,10:22:49,$ 3402.35,100
2020,10:22:49,$ 3402.40,111
2021,10:22:49,$ 3402.18,150
2022,10:22:44,$ 3402.40,100
2023,10:22:40,$ 3401.661,100
2024,10:22:40,$ 3401.93,100
2025,10:22:36,$ 3401.30,100
2026,10:22:27,$ 3400.94,100
2027,10:22:27,$ 3400.94,100
2028,10:22:27,$ 3401.61,100
2029,10:22:20,$ 3401.93,100
2030,10:22:20,$ 3401.85,100
2032,10:22:11,$ 3401.89,100
2033,10:22:11,$ 3402.00,100
2034,10:22:09,$ 3402.94,100
2035,10:21:41,$ 3403.17,100
2036,10:21:31,$ 3402.32,100
2037,10:21:19,$ 3402.715,104
2038,10:21:10,$ 3402.98,100
2039,10:21:05,$ 3403.085,250
2040,10:21:04,$ 3402.64,100
2041,10:21:03,$ 3403.47,100
2042,10:21:03,$ 3403.37,100
2043,10:20:56,$ 3403.19,100
2044,10:20:51,$ 3402.59,100
2045,10:20:45,$ 3403.55,100
2046,10:20:31,$ 3403.38,105
2047,10:20:21,$ 3403.33,100
2048,10:20:16,$ 3402.57,100
2049,10:20:12,$ 3403.45,100
2050,10:20:11,$ 3404.00,200
2051,10:20:11,$ 3403.53,100
2053,10:20:06,$ 3403.23,100
2054,10:20:04,$ 3403.21,100
2055,10:19:45,$ 3402.17,100
2056,10:19:41,$ 3402.75,100
2057,10:19:18,$ 3402.835,100
2058,10:18:56,$ 3401.62,100
2059,10:18:48,$ 3402.115,100
2060,10:18:47,$ 3400.05,100
2061,10:18:47,$ 3400.37,100
2062,10:18:47,$ 3401.61,100
2063,10:18:47,$ 3402.14,100
2064,10:18:47,$ 3402.10,100
2065,10:18:47,$ 3402.09,100
2066,10:18:37,$ 3403.00,100
2067,10:18:37,$ 3403.00,100
2068,10:18:32,$ 3402.4125,400
2069,10:18:14,$ 3401.34,100
2070,10:18:13,$ 3400.815,100
2071,10:18:13,$ 3401.24,100
2072,10:18:01,$ 3401.00,200
2074,10:18:01,$ 3401.30,100
2075,10:18:01,$ 3401.31,100
2076,10:17:43,$ 3402.42,100
2077,10:17:13,$ 3402.46,100
2078,10:17:00,$ 3401.30,100
2079,10:16:39,$ 3400.77,150
2080,10:16:31,$ 3400.415,200
2081,10:16:22,$ 3400.33,100
2082,10:16:14,$ 3399.305,100
2083,10:16:06,$ 3399.305,100
2084,10:15:51,$ 3400.29,100
2085,10:15:19,$ 3398.83,100
2086,10:15:17,$ 3398.71,100
2087,10:15:11,$ 3399.00,100
2088,10:15:10,$ 3398.99,106
2089,10:15:02,$ 3398.05,100
2090,10:15:01,$ 3398.43,100
2091,10:15:01,$ 3398.43,100
2092,10:15:00,$ 3398.43,100
2093,10:14:56,$ 3396.50,100
2095,10:14:56,$ 3396.27,192
2096,10:14:52,$ 3393.51,100
2097,10:14:37,$ 3394.17,100
2098,10:14:21,$ 3393.325,100
2099,10:14:00,$ 3395.00,100
2100,10:14:00,$ 3395.22,125
2101,10:13:54,$ 3395.61,100
2102,10:13:43,$ 3396.05,100
2103,10:13:43,$ 3395.59,100
2104,10:13:40,$ 3395.02,100
2105,10:13:34,$ 3395.765,100
2106,10:13:32,$ 3394.95,100
2107,10:13:22,$ 3394.22,100
2108,10:13:22,$ 3394.39,100
2109,10:13:22,$ 3394.49,100
2110,10:13:22,$ 3393.67,100
2111,10:13:14,$ 3392.98,100
2112,10:13:12,$ 3392.97,100
2113,10:13:06,$ 3392.02,100
2114,10:13:06,$ 3392.32,100
2116,10:12:02,$ 3395.25,150
2117,10:11:53,$ 3396.045,100
2118,10:11:27,$ 3396.61,140
2119,10:11:18,$ 3397.00,100
2120,10:11:18,$ 3397.00,100
2121,10:11:18,$ 3397.00,100
2122,10:11:14,$ 3397.62,100
2123,10:10:56,$ 3398.79,140
2124,10:10:55,$ 3398.39,100
2125,10:10:55,$ 3398.39,100
2126,10:10:54,$ 3398.46,145
2127,10:10:28,$ 3397.95,140
2128,10:10:25,$ 3396.725,100
2129,10:10:03,$ 3399.35,100
2130,10:10:03,$ 3399.15,100
2131,10:09:58,$ 3399.565,100
2132,10:09:51,$ 3399.59,100
2133,10:09:34,$ 3397.77,100
2134,10:09:34,$ 3398.19,100
2135,10:09:31,$ 3398.62,100
2137,10:09:22,$ 3397.97,100
2138,10:09:22,$ 3397.9599,200
2139,10:09:10,$ 3398.6899,100
2140,10:09:08,$ 3398.06,120
2141,10:09:07,$ 3398.065,150
2142,10:09:05,$ 3398.97,100
2143,10:09:00,$ 3399.025,200
2144,10:09:00,$ 3399.52,200
2145,10:08:59,$ 3399.51,100
2146,10:08:57,$ 3399.60,100
2147,10:08:50,$ 3399.73,100
2148,10:08:45,$ 3399.99,120
2149,10:08:42,$ 3400.80,100
2150,10:08:41,$ 3399.99,100
2151,10:08:35,$ 3399.49,100
2152,10:08:35,$ 3399.22,100
2153,10:08:34,$ 3398.78,100
2154,10:08:34,$ 3398.78,100
2155,10:08:27,$ 3398.00,100
2156,10:08:24,$ 3397.54,100
2158,10:08:10,$ 3396.52,100
2159,10:08:10,$ 3396.40,100
2160,10:08:01,$ 3397.28,100
2161,10:07:22,$ 3397.92,100
2162,10:07:13,$ 3396.24,100
2163,10:07:00,$ 3396.29,100
2164,10:06:59,$ 3396.50,203
2165,10:06:29,$ 3395.35,100
2166,10:06:21,$ 3394.655,100
2167,10:06:16,$ 3394.675,100
2168,10:06:05,$ 3395.00,100
2169,10:05:20,$ 3395.91,100
2170,10:05:17,$ 3395.91,100
2171,10:05:17,$ 3395.8999,100
2172,10:05:09,$ 3395.844,100
2173,10:05:09,$ 3395.98,100
2174,10:05:08,$ 3395.46,105
2175,10:05:00,$ 3395.68,100
2176,10:05:00,$ 3395.86,100
2177,10:04:48,$ 3394.5022,194
2179,10:04:46,$ 3393.28,100
2180,10:04:45,$ 3393.61,200
2181,10:04:40,$ 3394.1516,150
2182,10:04:34,$ 3393.61,100
2183,10:04:27,$ 3393.89,400
2184,10:04:21,$ 3394.28,100
2185,10:04:17,$ 3394.73,104
2186,10:03:56,$ 3394.7001,619
2187,10:03:34,$ 3396.23,100
2188,10:03:32,$ 3395.07,400
2189,10:03:23,$ 3395.24,150
2190,10:03:22,$ 3395.0647,600
2191,10:03:16,$ 3394.77,100
2192,10:03:16,$ 3394.77,100
2193,10:03:07,$ 3395.55,100
2194,10:03:05,$ 3396.00,100
2195,10:03:05,$ 3396.17,100
2196,10:03:04,$ 3397.49,100
2197,10:03:04,$ 3396.80,100
2198,10:03:04,$ 3396.40,100
2200,10:03:02,$ 3397.26,100
2201,10:03:02,$ 3397.09,100
2202,10:02:59,$ 3398.02,100
2203,10:02:59,$ 3398.02,100
2204,10:02:59,$ 3398.02,100
2205,10:02:42,$ 3397.79,100
2206,10:02:41,$ 3397.79,400
2207,10:02:41,$ 3397.79,200
2208,10:02:41,$ 3398.24,100
2209,10:02:19,$ 3397.4355,150
2210,10:01:58,$ 3396.34,100
2211,10:01:58,$ 3396.885,100
2212,10:01:57,$ 3396.885,200
2213,10:01:56,$ 3396.88,111
2214,10:01:56,$ 3396.88,684
2215,10:01:53,$ 3396.36,100
2216,10:01:52,$ 3396.70,100
2217,10:01:40,$ 3397.02,100
2218,10:01:36,$ 3397.00,148
2219,10:01:19,$ 3397.38,150
2221,10:01:19,$ 3397.38,100
2222,10:01:04,$ 3397.82,100
2223,10:01:03,$ 3398.00,100
2224,10:01:00,$ 3399.005,200
2225,10:00:47,$ 3398.54,100
2226,10:00:43,$ 3398.35,100
2227,10:00:28,$ 3398.71,100
2228,10:00:22,$ 3399.345,100
2229,10:00:17,$ 3399.66,100
2230,10:00:17,$ 3399.145,100
2231,10:00:11,$ 3398.49,200
2232,10:00:08,$ 3398.80,150
2233,10:00:07,$ 3400.00,163
2234,10:00:07,$ 3400.00,100
2235,10:00:07,$ 3400.00,100
2237,10:59:59,$ 3375.352,500
2238,10:59:59,$ 3375.9399,300
2239,10:59:56,$ 3375.115,250
2240,10:59:55,$ 3375.10,300
2241,10:59:45,$ 3375.87,100
2242,10:59:43,$ 3376.57,100
2243,10:59:07,$ 3376.11,100
2244,10:59:05,$ 3376.10,100
2245,10:59:05,$ 3375.74,100
2246,10:59:02,$ 3376.12,100
2247,10:59:01,$ 3376.03,100
2248,10:58:55,$ 3376.355,100
2249,10:58:51,$ 3376.03,133
2250,10:58:51,$ 3376.52,133
2251,10:58:49,$ 3376.175,100
2252,10:58:49,$ 3375.39,100
2253,10:58:49,$ 3376.33,100
2254,10:58:49,$ 3376.76,100
2255,10:58:43,$ 3377.50,100
2256,10:58:43,$ 3377.50,100
2258,10:58:38,$ 3378.29,250
2259,10:58:23,$ 3378.39,100
2260,10:58:15,$ 3378.28,100
2261,10:58:15,$ 3378.08,100
2262,10:58:15,$ 3377.80,100
2263,10:58:15,$ 3377.79,100
2264,10:58:07,$ 3377.80,100
2265,10:58:07,$ 3377.65,100
2266,10:57:58,$ 3377.41,100
2267,10:57:54,$ 3377.30,100
2268,10:57:53,$ 3377.11,100
2269,10:57:53,$ 3377.11,100
2270,10:57:49,$ 3377.7999,100
2271,10:57:43,$ 3377.16,117
2272,10:57:21,$ 3377.82,100
2273,10:57:16,$ 3377.79,100
2274,10:57:14,$ 3377.328,125
2275,10:57:12,$ 3377.03,100
2276,10:56:54,$ 3376.74,100
2277,10:56:54,$ 3376.74,100
2279,10:56:53,$ 3376.74,100
2280,10:56:53,$ 3376.74,100
2281,10:56:49,$ 3376.78,100
2282,10:56:39,$ 3377.26,100
2283,10:56:39,$ 3377.26,100
2284,10:56:35,$ 3376.93,100
2285,10:56:34,$ 3376.815,100
2286,10:56:30,$ 3377.40,500
2287,10:56:30,$ 3377.80,100
2288,10:56:28,$ 3377.80,100
2289,10:56:26,$ 3377.80,100
2290,10:56:26,$ 3377.67,100
2291,10:56:17,$ 3376.745,200
2292,10:56:16,$ 3376.97,125
2293,10:56:14,$ 3375.995,100
2294,10:56:10,$ 3376.0075,100
2295,10:56:10,$ 3376.0175,100
2296,10:56:05,$ 3375.50,100
2297,10:55:49,$ 3375.74,100
2298,10:55:46,$ 3376.36,100
2300,10:55:44,$ 3376.35,100
2301,10:55:38,$ 3376.53,100
2302,10:55:38,$ 3376.53,100
2303,10:55:36,$ 3375.61,200
2304,10:55:23,$ 3376.04,149
2305,10:55:23,$ 3376.04,100
2306,10:55:14,$ 3374.89,200
2307,10:55:09,$ 3374.00,100
2308,10:54:54,$ 3374.40,100
2309,10:54:44,$ 3373.6825,100
2310,10:54:38,$ 3373.59,130
2311,10:54:37,$ 3373.60,118
2312,10:54:36,$ 3373.62,100
2313,10:54:36,$ 3373.33,100
2314,10:54:34,$ 3373.2567,212
2315,10:54:18,$ 3374.11,200
2316,10:53:56,$ 3373.87,100
2317,10:53:56,$ 3373.4166,148
2318,10:53:51,$ 3375.551,100
2319,10:53:44,$ 3375.12,300
2321,10:53:40,$ 3374.38,100
2322,10:53:40,$ 3374.38,100
2323,10:53:39,$ 3374.39,100
2324,10:53:38,$ 3374.59,100
2325,10:53:37,$ 3374.53,100
2326,10:53:37,$ 3374.69,100
2327,10:53:32,$ 3375.77,100
2328,10:53:27,$ 3376.00,196
2329,10:53:16,$ 3374.80,100
2330,10:53:06,$ 3374.67,100
2331,10:53:06,$ 3374.215,100
2332,10:53:06,$ 3374.065,100
2333,10:53:05,$ 3374.1625,100
2334,10:53:01,$ 3373.17,100
2335,10:52:52,$ 3373.855,100
2336,10:52:52,$ 3373.84,101
2337,10:52:51,$ 3374.25,199
2338,10:52:51,$ 3374.02,100
2339,10:52:46,$ 3375.155,250
2340,10:52:41,$ 3374.00,150
2342,10:52:41,$ 3375.10,150
2343,10:52:38,$ 3376.255,100
2344,10:52:33,$ 3376.74,250
2345,10:52:27,$ 3376.90,100
2346,10:52:16,$ 3377.00,100
2347,10:52:16,$ 3377.0001,120
2348,10:52:11,$ 3377.80,281
2349,10:52:11,$ 3377.80,200
2350,10:52:11,$ 3377.80,177
2351,10:52:11,$ 3377.80,200
2352,10:52:05,$ 3377.75,100
2353,10:51:59,$ 3377.24,100
2354,10:51:59,$ 3377.13,100
2355,10:51:59,$ 3377.19,100
2356,10:51:57,$ 3377.01,192
2357,10:51:57,$ 3377.01,108
2358,10:51:55,$ 3377.40,150
2359,10:51:50,$ 3377.78,105
2360,10:51:50,$ 3377.74,500
2361,10:51:45,$ 3377.49,179
2363,10:51:34,$ 3376.1666,146
2364,10:51:34,$ 3376.51,146
2365,10:51:20,$ 3377.37,100
2366,10:51:15,$ 3377.80,100
2367,10:51:06,$ 3377.80,100
2368,10:51:06,$ 3377.7999,100
2369,10:51:03,$ 3377.18,500
2370,10:51:00,$ 3377.80,127
2371,10:50:59,$ 3376.4956,228
2372,10:50:59,$ 3377.05,100
2373,10:50:56,$ 3377.05,100
2374,10:50:56,$ 3377.80,100
2375,10:50:55,$ 3377.25,100
2376,10:50:54,$ 3376.301,100
2377,10:50:53,$ 3376.64,150
2378,10:50:49,$ 3377.035,100
2379,10:50:47,$ 3377.39,100
2380,10:50:46,$ 3377.70,230
2381,10:50:45,$ 3377.1402,100
2382,10:50:44,$ 3377.295,100
2384,10:50:42,$ 3376.9965,100
2385,10:50:38,$ 3377.335,100
2386,10:50:38,$ 3376.88,100
2387,10:50:33,$ 3377.9348,200
2388,10:50:29,$ 3378.035,100
2389,10:50:15,$ 3378.38,100
2390,10:50:15,$ 3378.71,100
2391,10:50:14,$ 3378.3201,300
2392,10:50:14,$ 3378.26,100
2393,10:50:14,$ 3378.70,100
2394,10:50:14,$ 3378.71,100
2395,10:50:14,$ 3378.71,100
2396,10:50:14,$ 3378.72,131
2397,10:50:14,$ 3378.72,419
2398,10:50:11,$ 3378.34,100
2399,10:50:05,$ 3378.97,100
2400,10:50:04,$ 3379.37,100
2401,10:50:04,$ 3378.97,100
2402,10:50:04,$ 3379.26,100
2403,10:50:04,$ 3379.35,100
2405,10:50:04,$ 3379.6325,100
2406,10:50:04,$ 3378.9262,155
2407,10:50:03,$ 3376.95,130
2408,10:50:03,$ 3377.37,100
2409,10:50:03,$ 3377.37,100
2410,10:50:03,$ 3377.61,100
2411,10:50:03,$ 3377.62,100
2412,10:50:03,$ 3377.78,100
2413,10:50:03,$ 3377.70,100
2414,10:50:03,$ 3377.77,100
2415,10:50:03,$ 3378.26,100
2416,10:50:03,$ 3378.37,100
2417,10:50:03,$ 3378.27,100
2418,10:50:03,$ 3378.26,100
2419,10:50:03,$ 3378.97,100
2420,10:50:03,$ 3380.00,150
2421,10:50:03,$ 3380.69,100
2422,10:49:57,$ 3381.115,100
2423,10:49:57,$ 3380.9366,100
2424,10:49:51,$ 3380.86,219
2426,10:49:51,$ 3380.98,100
2427,10:49:51,$ 3380.85,100
2428,10:49:50,$ 3380.90,174
2429,10:49:36,$ 3383.611,200
2430,10:49:36,$ 3383.33,118
2431,10:49:33,$ 3383.561,100
2432,10:49:33,$ 3383.84,100
2433,10:49:33,$ 3383.84,100
2434,10:49:33,$ 3383.85,100
2435,10:49:33,$ 3383.86,105
2436,10:49:33,$ 3383.86,346
2437,10:49:28,$ 3383.69,100
2438,10:49:28,$ 3383.12,100
2439,10:49:28,$ 3383.14,100
2440,10:49:28,$ 3383.19,100
2441,10:49:28,$ 3383.155,100
2442,10:49:27,$ 3383.71,100
2443,10:49:27,$ 3383.04,100
2444,10:49:27,$ 3383.05,100
2445,10:49:27,$ 3383.19,100
2447,10:49:27,$ 3383.04,100
2448,10:49:27,$ 3383.00,100
2449,10:49:27,$ 3382.91,100
2450,10:49:27,$ 3383.00,100
2451,10:49:27,$ 3384.81,100
2452,10:49:27,$ 3384.81,100
2453,10:49:27,$ 3384.81,100
2454,10:49:27,$ 3384.73,100
2455,10:49:27,$ 3384.37,100
2456,10:49:27,$ 3384.78,100
2457,10:49:27,$ 3384.72,100
2458,10:49:27,$ 3384.72,100
2459,10:49:27,$ 3384.72,100
2460,10:49:27,$ 3384.72,100
2461,10:49:27,$ 3384.72,100
2462,10:49:27,$ 3384.72,100
2463,10:49:27,$ 3385.00,100
2464,10:49:26,$ 3385.905,100
2465,10:49:26,$ 3386.86,100
2466,10:49:17,$ 3386.57,100
2468,10:49:06,$ 3387.41,100
2469,10:49:06,$ 3387.42,150
2470,10:49:06,$ 3387.39,100
2471,10:49:06,$ 3387.37,100
2472,10:49:05,$ 3387.58,500
2473,10:49:00,$ 3388.80,100
2474,10:48:57,$ 3389.69,100
2475,10:48:57,$ 3389.66,100
2476,10:48:57,$ 3389.80,100
2477,10:48:57,$ 3390.00,100
2478,10:48:57,$ 3390.00,100
2479,10:48:39,$ 3390.92,100
2480,10:48:35,$ 3392.49,100
2481,10:48:34,$ 3392.27,100
2482,10:48:09,$ 3392.56,100
2483,10:47:58,$ 3392.56,100
2484,10:47:58,$ 3392.50,300
2485,10:47:56,$ 3392.505,100
2486,10:47:53,$ 3392.70,100
2487,10:47:27,$ 3394.00,100
2489,10:47:20,$ 3394.213,440
2490,10:47:18,$ 3394.71,125
2491,10:47:01,$ 3394.80,100
2492,10:46:56,$ 3395.385,100
2493,10:46:36,$ 3396.64,100
2494,10:46:24,$ 3396.50,100
2495,10:46:21,$ 3396.64,100
2496,10:46:05,$ 3396.61,100
2497,10:46:05,$ 3396.74,100
2498,10:46:03,$ 3396.7199,100
2499,10:45:42,$ 3396.04,250
2500,10:45:35,$ 3396.35,111
2501,10:45:29,$ 3396.75,100
2502,10:45:24,$ 3396.68,100
2503,10:44:56,$ 3396.345,100
2504,10:44:53,$ 3396.345,100
2505,10:44:52,$ 3396.08,100
2506,10:44:42,$ 3396.48,100
2507,10:44:37,$ 3396.805,100
2508,10:44:29,$ 3396.795,100
2510,10:44:29,$ 3396.80,100
2511,10:44:13,$ 3396.71,100
2512,10:44:10,$ 3397.01,100
2513,10:44:01,$ 3396.98,100
2514,10:43:48,$ 3395.87,100
2515,10:43:23,$ 3395.20,100
2516,10:43:20,$ 3394.30,100
2517,10:43:20,$ 3394.30,131
2518,10:43:20,$ 3394.29,100
2519,10:43:20,$ 3394.30,100
2520,10:43:20,$ 3394.30,100
2521,10:43:20,$ 3394.31,100
2522,10:43:20,$ 3394.29,100
2523,10:43:20,$ 3394.33,100
2524,10:43:20,$ 3394.31,101
2525,10:43:20,$ 3394.58,100
2526,10:43:20,$ 3394.15,100
2527,10:43:20,$ 3394.27,100
2528,10:43:20,$ 3394.20,100
2529,10:43:00,$ 3394.52,100
2531,10:42:51,$ 3394.45,100
2532,10:42:50,$ 3395.04,100
2533,10:42:48,$ 3394.735,100
2534,10:42:47,$ 3394.9101,100
2535,10:42:45,$ 3394.36,100
2536,10:42:42,$ 3394.785,200
2537,10:42:42,$ 3394.775,100
2538,10:42:41,$ 3394.84,100
2539,10:42:41,$ 3394.64,100
2540,10:42:41,$ 3394.65,138
2541,10:42:26,$ 3394.32,100
2542,10:42:21,$ 3394.515,100
2543,10:42:20,$ 3394.53,200
2544,10:42:16,$ 3394.47,100
2545,10:42:15,$ 3394.32,100
2546,10:42:15,$ 3394.54,100
2547,10:42:07,$ 3394.745,100
2548,10:42:02,$ 3395.87,100
2549,10:42:00,$ 3396.22,100
2550,10:41:42,$ 3395.535,100
2552,10:41:34,$ 3395.11,100
2553,10:41:25,$ 3395.21,100
2554,10:40:57,$ 3394.895,400
2555,10:40:43,$ 3395.23,197
2556,10:40:42,$ 3394.905,100
2557,10:40:32,$ 3394.34,100
2558,10:40:31,$ 3394.50,100
2559,10:40:20,$ 3394.60,100
2560,10:40:20,$ 3394.64,100
2561,10:40:20,$ 3394.68,100
2562,10:40:14,$ 3394.39,100
2563,10:40:14,$ 3394.34,100
2564,10:40:12,$ 3394.37,100
2565,10:40:12,$ 3394.17,100
2566,10:40:12,$ 3394.15,100
2567,10:40:09,$ 3394.35,100
2568,10:40:01,$ 3394.01,100
2569,10:40:01,$ 3394.34,100
2570,10:40:01,$ 3394.25,139
2571,10:40:01,$ 3394.20,100
2573,10:39:54,$ 3394.9799,100
2574,10:39:39,$ 3394.85,100
2575,10:39:29,$ 3395.06,100
2576,10:39:27,$ 3395.18,100
2577,10:39:12,$ 3394.99,100
2578,10:39:12,$ 3394.955,100
2579,10:38:57,$ 3394.755,100
2580,10:38:49,$ 3394.59,100
2581,10:38:49,$ 3394.53,100
2582,10:38:48,$ 3394.4158,429
2583,10:38:48,$ 3394.20,100
2584,10:38:43,$ 3394.40,100
2585,10:38:43,$ 3394.35,100
2586,10:38:41,$ 3394.10,100
2587,10:38:40,$ 3394.3592,100
2588,10:38:39,$ 3394.10,100
2589,10:38:39,$ 3394.22,100
2590,10:38:33,$ 3394.08,100
2591,10:38:05,$ 3394.54,100
2592,10:38:04,$ 3394.75,100
2594,10:38:02,$ 3394.15,100
2595,10:38:01,$ 3394.385,100
2596,10:38:01,$ 3394.22,100
2597,10:38:00,$ 3394.73,100
2598,10:37:52,$ 3394.245,100
2599,10:37:37,$ 3394.56,103
2600,10:37:32,$ 3395.0988,100
2601,10:37:30,$ 3394.785,100
2602,10:37:26,$ 3395.00,100
2603,10:37:26,$ 3394.485,100
2604,10:37:26,$ 3394.73,100
2605,10:37:13,$ 3394.08,100
2606,10:37:13,$ 3394.10,100
2607,10:37:13,$ 3394.50,100
2608,10:37:08,$ 3394.5625,400
2609,10:36:44,$ 3395.00,100
2610,10:36:41,$ 3394.10,100
2611,10:36:39,$ 3394.9399,200
2612,10:36:08,$ 3394.56,100
2613,10:36:01,$ 3394.80,387
2615,10:36:00,$ 3394.57,100
2616,10:36:00,$ 3394.42,100
2617,10:35:54,$ 3394.31,100
2618,10:35:44,$ 3394.53,100
2619,10:35:39,$ 3395.35,100
2620,10:35:39,$ 3395.00,100
2621,10:35:39,$ 3395.00,152
2622,10:35:39,$ 3395.00,100
2623,10:35:37,$ 3395.34,100
2624,10:35:34,$ 3395.6193,100
2625,10:35:25,$ 3396.13,500
2626,10:34:59,$ 3396.32,147
2627,10:34:48,$ 3395.83,100
2628,10:34:27,$ 3395.39,100
2629,10:34:22,$ 3395.72,100
2630,10:34:22,$ 3395.90,100
2631,10:34:22,$ 3395.90,131
2632,10:34:14,$ 3395.45,100
2633,10:34:13,$ 3395.38,100
2634,10:34:11,$ 3395.90,213
2636,10:34:05,$ 3396.7699,100
2637,10:34:03,$ 3397.00,100
2638,10:33:57,$ 3396.65,120
2639,10:33:56,$ 3396.50,100
2640,10:33:54,$ 3397.035,100
2641,10:33:47,$ 3397.76,100
2642,10:33:46,$ 3397.415,100
2643,10:33:41,$ 3397.00,200
2644,10:33:26,$ 3397.425,100
2645,10:33:15,$ 3397.225,100
2646,10:33:01,$ 3397.05,100
2647,10:32:50,$ 3397.505,100
2648,10:32:42,$ 3397.73,100
2649,10:32:42,$ 3398.00,100
2650,10:32:34,$ 3399.36,100
2651,10:32:34,$ 3398.64,100
2652,10:32:33,$ 3397.50,100
2653,10:32:30,$ 3397.88,100
2654,10:32:30,$ 3397.88,100
2655,10:32:30,$ 3398.69,100
2657,10:34:05,$ 3396.7699,100
2658,10:34:03,$ 3397.00,100
2659,10:33:57,$ 3396.65,120
2660,10:33:56,$ 3396.50,100
2661,10:33:54,$ 3397.035,100
2662,10:33:47,$ 3397.76,100
2663,10:33:46,$ 3397.415,100
2664,10:33:41,$ 3397.00,200
2665,10:33:26,$ 3397.425,100
2666,10:33:15,$ 3397.225,100
2667,10:33:01,$ 3397.05,100
2668,10:32:50,$ 3397.505,100
2669,10:32:42,$ 3397.73,100
2670,10:32:42,$ 3398.00,100
2671,10:32:34,$ 3399.36,100
2672,10:32:34,$ 3398.64,100
2673,10:32:33,$ 3397.50,100
2674,10:32:30,$ 3397.88,100
2675,10:32:30,$ 3397.88,100
2676,10:32:30,$ 3398.69,100
2678,11:29:52,$ 3358.00,100
2679,11:29:50,$ 3357.62,100
2680,11:29:48,$ 3357.165,100
2681,11:29:40,$ 3356.63,100
2682,11:29:40,$ 3356.63,200
2683,11:29:35,$ 3357.59,100
2684,11:29:32,$ 3357.525,100
2685,11:29:30,$ 3357.28,100
2686,11:29:28,$ 3356.60,200
2687,11:29:23,$ 3356.375,100
2688,11:29:17,$ 3355.62,100
2689,11:29:10,$ 3354.78,100
2690,11:29:07,$ 3355.02,100
2691,11:29:07,$ 3355.00,110
2692,11:29:07,$ 3355.00,106
2693,11:29:06,$ 3354.78,100
2694,11:29:04,$ 3355.26,500
2695,11:28:59,$ 3356.39,100
2696,11:28:56,$ 3356.13,100
2697,11:28:55,$ 3356.14,100
2699,10:32:01,$ 3398.2001,100
2700,10:31:56,$ 3399.765,200
2701,10:31:55,$ 3399.40,100
2702,10:31:53,$ 3400.22,100
2703,10:31:53,$ 3400.05,100
2704,10:31:53,$ 3399.99,100
2705,10:31:53,$ 3399.505,400
2706,10:31:52,$ 3399.5675,400
2707,10:31:50,$ 3400.00,100
2708,10:31:49,$ 3399.645,890
2709,10:31:49,$ 3399.645,109
2710,10:31:34,$ 3400.02,100
2711,10:31:27,$ 3400.00,100
2712,10:31:15,$ 3403.00,200
2713,10:30:55,$ 3403.0825,380
2714,10:30:51,$ 3403.14,100
2715,10:30:51,$ 3403.26,100
2716,10:30:27,$ 3404.32,100
2717,10:30:17,$ 3404.94,100
2718,10:30:15,$ 3404.79,100
2720,11:28:35,$ 3350.69,100
2721,11:28:35,$ 3350.01,100
2722,11:28:35,$ 3352.14,500
2723,11:28:35,$ 3352.52,100
2724,11:28:35,$ 3352.14,100
2725,11:28:32,$ 3351.545,250
2726,11:28:31,$ 3351.34,100
2727,11:28:29,$ 3352.195,100
2728,11:28:29,$ 3352.195,100
2729,11:28:28,$ 3351.6601,100
2730,11:28:26,$ 3352.085,100
2731,11:28:24,$ 3351.885,100
2732,11:28:23,$ 3351.64,180
2733,11:28:22,$ 3351.72,100
2734,11:28:20,$ 3350.29,100
2735,11:28:17,$ 3349.77,100
2736,11:28:14,$ 3349.99,300
2737,11:28:11,$ 3349.795,100
2738,11:28:05,$ 3350.68,100
2739,11:27:59,$ 3348.2751,140
2741,11:27:59,$ 3349.00,110
2742,11:27:59,$ 3349.25,200
2743,11:27:59,$ 3350.00,100
2744,11:27:59,$ 3350.00,100
2745,11:27:59,$ 3350.25,898
2746,11:27:55,$ 3351.53,100
2747,11:27:52,$ 3351.28,100
2748,11:27:52,$ 3351.28,175
2749,11:27:52,$ 3351.86,100
2750,11:27:51,$ 3352.17,100
2751,11:27:50,$ 3352.32,108
2752,11:27:50,$ 3352.21,100
2753,11:27:50,$ 3352.50,128
2754,11:27:41,$ 3351.42,200
2755,11:27:40,$ 3351.28,100
2756,11:27:40,$ 3351.28,100
2757,11:27:38,$ 3351.25,100
2758,11:27:38,$ 3351.28,100
2759,11:27:30,$ 3351.00,100
2760,11:27:29,$ 3351.585,100
2762,11:27:28,$ 3352.33,195
2763,11:27:27,$ 3352.12,200
2764,11:27:27,$ 3351.2601,200
2765,11:27:26,$ 3352.145,100
2766,11:27:24,$ 3351.32,100
2767,11:27:23,$ 3351.54,142
2768,11:27:21,$ 3352.80,181
2769,11:27:18,$ 3352.26,106
2770,11:27:18,$ 3352.10,100
2771,11:27:08,$ 3352.135,100
2772,11:27:06,$ 3353.005,100
2773,11:27:06,$ 3353.06,100
2774,11:27:06,$ 3352.66,100
2775,11:27:06,$ 3352.92,100
2776,11:27:05,$ 3353.93,100
2777,11:27:03,$ 3353.92,100
2778,11:27:00,$ 3354.17,194
2779,11:26:53,$ 3354.43,100
2780,11:26:50,$ 3354.475,100
2781,11:26:50,$ 3354.94,161
2783,11:26:42,$ 3354.41,100
2784,11:26:41,$ 3354.031,100
2785,11:26:41,$ 3354.19,100
2786,11:26:41,$ 3354.19,100
2787,11:26:38,$ 3354.04,100
2788,11:26:38,$ 3354.04,100
2789,11:26:31,$ 3353.44,100
2790,11:26:29,$ 3353.455,125
2791,11:26:23,$ 3353.80,100
2792,11:26:21,$ 3352.325,100
2793,11:26:21,$ 3352.325,200
2794,11:26:21,$ 3353.03,100
2795,11:26:17,$ 3354.19,100
2796,11:26:11,$ 3353.82,100
2797,11:26:11,$ 3353.84,100
2798,11:26:09,$ 3353.95,100
2799,11:26:05,$ 3354.53,100
2800,11:26:05,$ 3354.91,100
2801,11:26:02,$ 3354.93,100
2802,11:26:02,$ 3354.92,100
2804,11:26:02,$ 3354.91,100
2805,11:26:02,$ 3354.92,100
2806,11:26:02,$ 3354.92,100
2807,11:26:01,$ 3355.00,100
2808,11:26:01,$ 3355.01,100
2809,11:26:00,$ 3355.56,100
2810,11:25:56,$ 3355.46,122
2811,11:25:54,$ 3356.16,100
2812,11:25:54,$ 3356.51,100
2813,11:25:53,$ 3356.82,100
2814,11:25:51,$ 3357.00,148
2815,11:25:51,$ 3357.00,352
2816,11:25:50,$ 3356.29,100
2817,11:25:50,$ 3356.29,100
2818,11:25:47,$ 3355.73,200
2819,11:25:44,$ 3355.75,117
2820,11:25:41,$ 3357.32,100
2821,11:25:35,$ 3356.43,100
2822,11:25:33,$ 3355.95,102
2823,11:25:29,$ 3355.79,100
2825,11:25:26,$ 3356.36,100
2826,11:25:24,$ 3357.25,172
2827,11:25:23,$ 3356.93,100
2828,11:25:23,$ 3356.93,136
2829,11:25:18,$ 3357.9999,100
2830,11:25:09,$ 3358.66,100
2831,11:25:02,$ 3359.545,100
2832,11:24:57,$ 3359.14,302
2833,11:24:57,$ 3358.94,100
2834,11:24:57,$ 3360.00,100
2835,11:24:56,$ 3360.16,100
2836,11:24:49,$ 3361.60,100
2837,11:24:40,$ 3360.65,100
2838,11:24:37,$ 3360.82,100
2839,11:24:35,$ 3361.38,100
2840,11:24:35,$ 3362.235,100
2841,11:24:34,$ 3361.41,100
2842,11:24:34,$ 3361.44,100
2843,11:24:30,$ 3361.48,100
2844,11:24:30,$ 3361.51,100
2846,11:24:25,$ 3361.04,100
2847,11:24:25,$ 3361.04,100
2848,11:24:25,$ 3362.12,133
2849,11:24:20,$ 3362.84,100
2850,11:24:15,$ 3363.27,100
2851,11:24:13,$ 3363.26,100
2852,11:24:12,$ 3363.24,100
2853,11:24:12,$ 3363.24,128
2854,11:24:09,$ 3362.51,100
2855,11:24:09,$ 3363.09,100
2856,11:24:09,$ 3362.48,100
2857,11:24:09,$ 3363.19,100
2858,11:24:05,$ 3364.01,100
2859,11:24:05,$ 3364.01,100
2860,11:24:05,$ 3364.00,100
2861,11:24:05,$ 3364.475,100
2862,11:24:04,$ 3364.485,100
2863,11:24:04,$ 3364.485,100
2864,11:24:02,$ 3364.61,100
2865,11:23:59,$ 3364.21,100
2867,11:23:54,$ 3366.3983,100
2868,11:23:40,$ 3365.90,100
2869,11:23:20,$ 3364.505,100
2870,11:23:14,$ 3364.24,100
2871,11:23:14,$ 3364.13,138
2872,11:23:09,$ 3363.46,100
2873,11:23:03,$ 3363.35,100
2874,11:23:01,$ 3363.43,100
2875,11:22:55,$ 3363.245,100
2876,11:22:55,$ 3363.24,100
2877,11:22:55,$ 3362.6546,153
2878,11:22:50,$ 3363.67,100
2879,11:22:48,$ 3362.88,100
2880,11:22:47,$ 3363.58,100
2881,11:22:42,$ 3362.9581,100
2882,11:22:41,$ 3363.06,100
2883,11:22:39,$ 3363.13,100
2884,11:22:23,$ 3363.00,100
2885,11:22:19,$ 3364.74,110
2886,11:22:18,$ 3365.07,100
2888,11:22:10,$ 3364.50,200
2889,11:22:08,$ 3365.02,100
2890,11:22:07,$ 3365.8482,100
2891,11:21:58,$ 3365.80,100
2892,11:21:47,$ 3366.165,100
2893,11:21:35,$ 3366.60,100
2894,11:21:34,$ 3366.5999,100
2895,11:21:19,$ 3367.46,100
2896,11:21:18,$ 3367.00,799
2897,11:21:05,$ 3366.29,100
2898,11:21:01,$ 3367.00,100
2899,11:20:49,$ 3365.97,100
2900,11:20:48,$ 3365.02,100
2901,11:20:48,$ 3365.00,100
2902,11:20:48,$ 3365.5066,141
2903,11:20:46,$ 3365.50,200
2904,11:20:43,$ 3365.03,100
2905,11:20:35,$ 3366.375,200
2906,11:20:35,$ 3366.06,100
2907,11:20:31,$ 3366.16,100
2909,11:20:28,$ 3366.95,100
2910,11:20:23,$ 3366.661,100
2911,11:20:17,$ 3366.60,100
2912,11:20:14,$ 3366.65,100
2913,11:20:13,$ 3366.735,175
2914,11:20:12,$ 3366.86,100
2915,11:20:10,$ 3367.15,100
2916,11:20:07,$ 3366.76,100
2917,11:20:05,$ 3367.459,157
2918,11:20:05,$ 3367.445,100
2919,11:20:03,$ 3366.03,100
2920,11:20:02,$ 3366.30,156
2921,11:20:02,$ 3367.50,140
2922,11:19:54,$ 3367.55,100
2923,11:19:48,$ 3368.44,150
2924,11:19:35,$ 3370.14,100
2925,11:19:31,$ 3369.51,100
2926,11:19:23,$ 3369.825,100
2927,11:19:22,$ 3370.02,100
2928,11:19:01,$ 3369.465,100
2930,11:18:56,$ 3370.43,100
2931,11:18:56,$ 3370.45,100
2932,11:18:54,$ 3369.61,154
2933,11:18:54,$ 3369.95,100
2934,11:18:54,$ 3370.04,100
2935,11:18:54,$ 3369.95,100
2936,11:18:43,$ 3368.02,100
2937,11:18:42,$ 3367.945,100
2938,11:18:18,$ 3369.72,200
2939,11:18:07,$ 3370.00,100
2940,11:18:04,$ 3368.885,400
2941,11:18:02,$ 3368.725,100
2942,11:17:50,$ 3368.22,400
2943,11:17:50,$ 3368.24,100
2944,11:17:50,$ 3367.80,100
2945,11:17:50,$ 3367.81,100
2946,11:17:50,$ 3367.99,104
2947,11:17:50,$ 3367.74,100
2948,11:17:50,$ 3367.74,100
2949,11:17:50,$ 3367.68,100
2951,11:17:50,$ 3367.73,100
2952,11:17:50,$ 3367.69,100
2953,11:17:50,$ 3367.74,100
2954,11:17:50,$ 3367.74,100
2955,11:17:50,$ 3368.06,100
2956,11:17:50,$ 3368.54,100
2957,11:17:41,$ 3370.00,400
2958,11:17:41,$ 3370.02,100
2959,11:17:39,$ 3372.415,100
2960,11:17:33,$ 3372.40,100
2961,11:17:28,$ 3372.52,300
2962,11:17:16,$ 3372.615,100
2963,11:17:14,$ 3372.76,100
2964,11:17:10,$ 3373.03,100
2965,11:17:02,$ 3373.63,100
2966,11:17:02,$ 3373.765,200
2967,11:17:00,$ 3372.88,100
2968,11:16:59,$ 3373.37,167
2969,11:16:54,$ 3374.0102,312
2970,11:16:51,$ 3374.67,100
2972,11:16:41,$ 3374.20,100
2973,11:16:40,$ 3374.00,100
2974,11:16:35,$ 3375.10,150
2975,11:16:33,$ 3376.04,100
2976,11:16:32,$ 3375.00,100
2977,11:16:23,$ 3375.625,100
2978,11:16:19,$ 3376.50,148
2979,11:16:13,$ 3376.31,115
2980,11:15:53,$ 3376.69,200
2981,11:15:15,$ 3377.125,100
2982,11:15:08,$ 3377.59,100
2983,11:14:39,$ 3378.6754,250
2984,11:14:17,$ 3380.02,100
2985,11:14:17,$ 3380.03,100
2986,11:14:05,$ 3379.49,170
2987,11:13:50,$ 3379.5082,149
2988,11:13:38,$ 3379.5117,150
2989,11:13:27,$ 3378.615,200
2990,11:13:27,$ 3378.52,261
2991,11:13:23,$ 3377.47,100
2993,11:13:15,$ 3376.54,100
2994,11:13:12,$ 3376.54,100
2995,11:13:11,$ 3377.035,163
2996,11:13:10,$ 3377.26,100
2997,11:13:01,$ 3377.68,100
2998,11:12:56,$ 3378.0228,199
2999,11:12:52,$ 3378.93,100
3000,11:12:52,$ 3378.93,100
3001,11:12:51,$ 3378.84,145
3002,11:12:46,$ 3378.88,100
3003,11:12:46,$ 3378.88,100
3004,11:12:46,$ 3378.84,100
3005,11:12:44,$ 3378.87,122
3006,11:12:19,$ 3379.56,150
3007,11:12:19,$ 3379.9725,215
3008,11:12:09,$ 3380.85,100
3009,11:11:53,$ 3379.70,100
3010,11:11:23,$ 3380.00,100
3011,11:11:13,$ 3379.67,100
3012,11:11:11,$ 3379.745,100
3014,11:11:09,$ 3379.87,100
3015,11:11:06,$ 3379.725,100
3016,11:11:02,$ 3379.255,300
3017,11:10:59,$ 3380.339,100
3018,11:10:57,$ 3380.74,100
3019,11:10:56,$ 3380.75,100
3020,11:10:29,$ 3379.655,100
3021,11:10:26,$ 3379.35,100
3022,11:10:25,$ 3379.36,100
3023,11:10:25,$ 3379.6483,150
3024,11:10:25,$ 3379.38,100
3025,11:10:23,$ 3380.12,100
3026,11:10:17,$ 3380.485,"1,000"
3027,11:10:00,$ 3380.04,100
3028,11:10:00,$ 3379.99,100
3029,11:09:46,$ 3380.67,129
3030,11:09:31,$ 3381.35,100
3031,11:09:31,$ 3381.18,100
3032,11:09:31,$ 3381.40,100
3033,11:09:28,$ 3381.85,100
3035,11:09:28,$ 3381.82,100
3036,11:09:11,$ 3382.072,100
3037,11:09:11,$ 3381.64,100
3038,11:09:11,$ 3381.66,100
3039,11:09:11,$ 3381.64,100
3040,11:09:11,$ 3381.522,100
3041,11:09:11,$ 3380.89,100
3042,11:09:11,$ 3380.89,100
3043,11:09:11,$ 3380.94,100
3044,11:09:08,$ 3380.95,400
3045,11:09:06,$ 3381.2596,100
3046,11:09:06,$ 3380.47,100
3047,11:08:58,$ 3380.09,100
3048,11:08:41,$ 3379.955,100
3049,11:08:41,$ 3380.38,100
3050,11:08:37,$ 3380.41,100
3051,11:08:37,$ 3380.41,100
3052,11:08:34,$ 3380.895,100
3053,11:08:21,$ 3380.29,100
3054,11:07:52,$ 3382.50,100
3056,11:07:51,$ 3381.70,100
3057,11:07:50,$ 3382.245,100
3058,11:07:48,$ 3381.88,100
3059,11:07:46,$ 3382.10,100
3060,11:07:45,$ 3382.00,100
3061,11:07:43,$ 3381.37,100
3062,11:07:43,$ 3382.54,100
3063,11:07:40,$ 3382.06,100
3064,11:07:39,$ 3382.01,100
3065,11:07:38,$ 3382.05,100
3066,11:07:26,$ 3380.28,100
3067,11:07:21,$ 3379.29,100
3068,11:07:18,$ 3379.745,100
3069,11:07:03,$ 3380.43,100
3070,11:06:49,$ 3380.805,100
3071,11:06:46,$ 3380.33,100
3072,11:06:40,$ 3380.44,100
3073,11:06:40,$ 3380.44,100
3074,11:06:38,$ 3380.33,129
3075,11:06:27,$ 3381.35,100
3077,11:06:10,$ 3381.105,100
3078,11:06:10,$ 3381.17,100
3079,11:06:01,$ 3383.3497,100
3080,11:05:59,$ 3382.9343,100
3081,11:05:55,$ 3383.525,100
3082,11:05:46,$ 3385.545,100
3083,11:05:45,$ 3385.63,100
3084,11:05:44,$ 3385.47,100
3085,11:05:38,$ 3385.58,100
3086,11:05:37,$ 3384.645,150
3087,11:05:34,$ 3385.27,152
3088,11:05:34,$ 3385.27,100
3089,11:05:34,$ 3385.27,100
3090,11:05:34,$ 3385.60,100
3091,11:05:34,$ 3385.89,100
3092,11:05:33,$ 3385.8901,400
3093,11:05:32,$ 3386.905,160
3094,11:05:28,$ 3386.65,100
3095,11:05:26,$ 3385.99,100
3096,11:05:26,$ 3386.00,138
3098,11:05:25,$ 3385.52,200
3099,11:05:25,$ 3385.51,100
3100,11:05:25,$ 3385.51,100
3101,11:05:25,$ 3385.51,100
3102,11:05:25,$ 3385.25,100
3103,11:05:25,$ 3385.21,100
3104,11:05:22,$ 3384.22,100
3105,11:05:20,$ 3383.87,100
3106,11:05:18,$ 3383.885,100
3107,11:05:14,$ 3383.525,100
3108,11:05:13,$ 3383.52,100
3109,11:05:12,$ 3383.00,100
3110,11:05:11,$ 3382.95,100
3111,11:05:00,$ 3381.80,200
3112,11:04:55,$ 3382.715,100
3113,11:04:47,$ 3382.97,100
3114,11:04:47,$ 3382.00,100
3115,11:04:46,$ 3381.70,100
3116,11:04:43,$ 3381.0201,152
3117,11:04:40,$ 3381.28,200
3119,11:04:37,$ 3381.39,400
3120,11:04:37,$ 3381.22,100
3121,11:04:34,$ 3380.71,100
3122,11:04:28,$ 3380.26,100
3123,11:04:27,$ 3379.6817,100
3124,11:04:27,$ 3380.635,100
3125,11:04:24,$ 3379.935,100
3126,11:04:14,$ 3379.46,100
3127,11:04:11,$ 3379.46,100
3128,11:04:11,$ 3379.47,100
3129,11:04:07,$ 3378.6717,300
3130,11:04:03,$ 3377.36,100
3131,11:04:02,$ 3377.90,100
3132,11:03:55,$ 3377.885,"2,500"
3133,11:03:53,$ 3377.45,100
3134,11:03:53,$ 3377.45,100
3135,11:03:47,$ 3378.5599,100
3136,11:03:44,$ 3377.985,100
3137,11:03:42,$ 3377.98,100
3138,11:03:38,$ 3377.985,100
3140,11:03:32,$ 3378.99,299
3141,11:03:06,$ 3377.45,100
3142,11:03:05,$ 3377.78,100
3143,11:02:52,$ 3378.18,172
3144,11:02:15,$ 3377.1175,100
3145,11:02:15,$ 3376.645,200
3146,11:02:11,$ 3376.635,100
3147,11:02:10,$ 3376.845,100
3148,11:02:09,$ 3376.65,400
3149,11:02:08,$ 3376.745,100
3150,11:02:08,$ 3376.745,100
3151,11:02:08,$ 3376.75,100
3152,11:02:06,$ 3376.82,100
3153,11:02:06,$ 3376.7925,100
3154,11:02:06,$ 3376.765,100
3155,11:01:55,$ 3377.965,100
3156,11:01:49,$ 3377.975,100
3157,11:01:42,$ 3377.985,100
3158,11:01:27,$ 3378.855,100
3159,11:01:20,$ 3378.895,100
3161,11:01:12,$ 3379.1475,400
3162,11:01:09,$ 3379.00,100
3163,11:01:08,$ 3379.725,100
3164,11:01:05,$ 3379.01,100
3165,11:01:04,$ 3379.775,100
3166,11:00:55,$ 3379.89,100
3167,11:00:49,$ 3379.68,100
3168,11:00:49,$ 3379.58,100
3169,11:00:33,$ 3380.22,128
3170,11:00:24,$ 3378.96,100
3171,11:00:22,$ 3378.92,200
3172,11:00:21,$ 3378.736,153
3173,11:00:21,$ 3378.515,100
3174,11:00:21,$ 3377.74,100
3175,11:00:07,$ 3375.90,100
3176,11:00:04,$ 3375.42,100
3177,11:00:02,$ 3374.83,125
3178,11:00:02,$ 3374.63,100
3180,11:59:58,$ 3350.01,100
3181,11:59:53,$ 3351.49,150
3182,11:59:52,$ 3350.00,100
3183,11:59:49,$ 3350.55,100
3184,11:59:47,$ 3350.755,100
3185,11:59:41,$ 3351.53,100
3186,11:59:40,$ 3350.38,100
3187,11:59:40,$ 3350.94,100
3188,11:59:40,$ 3351.27,400
3189,11:59:39,$ 3351.24,100
3190,11:59:39,$ 3351.70,173
3191,11:59:39,$ 3351.77,100
3192,11:59:39,$ 3351.75,100
3193,11:59:33,$ 3352.18,100
3194,11:59:33,$ 3352.18,100
3195,11:59:25,$ 3351.64,100
3196,11:59:21,$ 3351.43,100
3197,11:59:20,$ 3350.52,100
3198,11:59:18,$ 3350.41,100
3199,11:59:15,$ 3350.81,100
3201,11:59:12,$ 3351.815,100
3202,11:59:12,$ 3351.805,100
3203,11:59:08,$ 3352.0875,100
3204,11:59:01,$ 3351.06,100
3205,11:58:57,$ 3350.00,100
3206,11:58:56,$ 3350.885,400
3207,11:58:55,$ 3350.45,100
3208,11:58:54,$ 3350.45,100
3209,11:58:43,$ 3350.425,100
3210,11:58:43,$ 3349.01,100
3211,11:58:43,$ 3350.00,100
3212,11:58:41,$ 3350.20,325
3213,11:58:39,$ 3350.00,100
3214,11:58:32,$ 3351.0499,200
3215,11:58:30,$ 3349.83,200
3216,11:58:20,$ 3349.80,100
3217,11:58:20,$ 3349.83,100
3218,11:58:20,$ 3350.40,187
3219,11:58:17,$ 3350.4507,100
3220,11:58:17,$ 3349.00,100
3222,11:58:17,$ 3350.24,100
3223,11:58:15,$ 3350.2701,100
3224,11:58:11,$ 3351.1699,244
3225,11:58:11,$ 3351.17,244
3226,11:58:09,$ 3350.3205,100
3227,11:58:09,$ 3351.10,100
3228,11:58:02,$ 3349.01,100
3229,11:58:02,$ 3350.23,100
3230,11:58:02,$ 3350.00,108
3231,11:58:02,$ 3350.00,100
3232,11:58:02,$ 3350.00,200
3233,11:58:02,$ 3350.00,100
3234,11:58:02,$ 3350.00,100
3235,11:58:02,$ 3350.01,100
3236,11:58:02,$ 3350.00,100
3237,11:58:01,$ 3350.46,100
3238,11:57:59,$ 3349.83,100
3239,11:57:58,$ 3349.85,100
3240,11:57:53,$ 3349.82,100
3241,11:57:49,$ 3349.70,100
3243,11:57:49,$ 3349.9391,100
3244,11:57:45,$ 3349.57,100
3245,11:57:28,$ 3348.92,100
3246,11:57:24,$ 3348.00,100
3247,11:57:24,$ 3347.00,100
3248,11:57:24,$ 3348.15,100
3249,11:57:20,$ 3348.16,100
3250,11:57:18,$ 3348.17,100
3251,11:57:18,$ 3348.17,100
3252,11:57:03,$ 3348.31,100
3253,11:56:58,$ 3348.14,100
3254,11:56:58,$ 3348.17,100
3255,11:56:54,$ 3348.79,100
3256,11:56:54,$ 3350.225,100
3257,11:56:54,$ 3349.52,100
3258,11:56:54,$ 3349.53,100
3259,11:56:42,$ 3349.31,100
3260,11:56:42,$ 3349.34,100
3261,11:56:41,$ 3349.99,100
3262,11:56:41,$ 3349.92,400
3264,11:56:41,$ 3349.235,100
3265,11:56:35,$ 3349.05,100
3266,11:56:32,$ 3347.25,100
3267,11:56:31,$ 3349.43,300
3268,11:56:28,$ 3349.055,100
3269,11:56:18,$ 3348.73,100
3270,11:56:17,$ 3348.19,143
3271,11:56:16,$ 3348.07,100
3272,11:56:15,$ 3347.47,100
3273,11:56:01,$ 3348.46,100
3274,11:55:49,$ 3348.58,100
3275,11:55:41,$ 3349.98,250
3276,11:55:40,$ 3349.55,100
3277,11:55:40,$ 3349.58,100
3278,11:55:16,$ 3348.6899,100
3279,11:55:13,$ 3347.96,100
3280,11:55:05,$ 3347.20,131
3281,11:55:05,$ 3347.02,100
3282,11:54:57,$ 3347.02,100
3283,11:54:52,$ 3347.845,100
3285,11:54:42,$ 3347.41,100
3286,11:54:18,$ 3347.7499,300
3287,11:54:16,$ 3347.29,100
3288,11:54:02,$ 3347.35,100
3289,11:53:33,$ 3346.60,100
3290,11:53:23,$ 3346.59,100
3291,11:53:07,$ 3346.85,100
3292,11:52:58,$ 3346.00,100
3293,11:52:55,$ 3346.58,187
3294,11:52:55,$ 3346.55,100
3295,11:52:54,$ 3347.00,100
3296,11:52:54,$ 3347.00,100
3297,11:52:54,$ 3346.46,100
3298,11:52:13,$ 3345.66,100
3299,11:52:08,$ 3345.00,100
3300,11:51:54,$ 3345.24,100
3301,11:51:47,$ 3345.24,100
3302,11:51:43,$ 3345.12,500
3303,11:51:42,$ 3344.57,200
3304,11:51:38,$ 3344.18,100
3306,11:51:32,$ 3343.05,200
3307,11:50:46,$ 3342.55,100
3308,11:50:38,$ 3342.47,224
3309,11:50:30,$ 3341.295,200
3310,11:50:24,$ 3341.38,100
3311,11:50:19,$ 3340.51,289
3312,11:50:13,$ 3339.80,100
3313,11:50:08,$ 3340.465,100
3314,11:50:01,$ 3341.30,127
3315,11:49:59,$ 3340.13,100
3316,11:49:59,$ 3340.32,271
3317,11:49:54,$ 3340.22,146
3318,11:49:49,$ 3340.93,100
3319,11:49:49,$ 3340.94,112
3320,11:49:49,$ 3340.94,191
3321,11:49:46,$ 3340.44,100
3322,11:49:46,$ 3340.46,100
3323,11:49:46,$ 3341.33,100
3324,11:49:37,$ 3341.50,100
3325,11:49:37,$ 3341.542,100
3327,11:49:35,$ 3340.955,150
3328,11:49:31,$ 3340.85,100
3329,11:49:24,$ 3339.80,100
3330,11:49:21,$ 3339.7999,100
3331,11:49:20,$ 3339.14,100
3332,11:49:19,$ 3339.18,250
3333,11:49:06,$ 3337.07,100
3334,11:49:02,$ 3338.86,"1,000"
3335,11:49:02,$ 3337.71,100
3336,11:48:59,$ 3338.00,100
3337,11:48:58,$ 3339.20,100
3338,11:48:56,$ 3339.01,182
3339,11:48:56,$ 3339.41,100
3340,11:48:55,$ 3340.00,100
3341,11:48:54,$ 3340.26,200
3342,11:48:54,$ 3340.26,200
3343,11:48:54,$ 3340.49,125
3344,11:48:53,$ 3340.96,100
3345,11:48:51,$ 3340.0101,100
3346,11:48:50,$ 3340.90,150
3348,11:48:50,$ 3340.01,100
3349,11:48:47,$ 3341.00,100
3350,11:48:44,$ 3341.26,100
3351,11:48:44,$ 3341.26,100
3352,11:48:44,$ 3341.24,100
3353,11:48:44,$ 3341.26,100
3354,11:48:44,$ 3341.25,100
3355,11:48:42,$ 3341.92,100
3356,11:48:33,$ 3343.44,100
3357,11:48:33,$ 3343.49,100
3358,11:48:33,$ 3343.59,100
3359,11:48:33,$ 3343.40,100
3360,11:48:24,$ 3344.31,100
3361,11:48:17,$ 3344.64,100
3362,11:48:17,$ 3344.60,100
3363,11:48:15,$ 3346.00,100
3364,11:48:14,$ 3346.2949,100
3365,11:48:08,$ 3346.00,100
3366,11:48:06,$ 3345.93,100
3367,11:48:06,$ 3345.95,100
3369,11:48:00,$ 3345.61,100
3370,11:48:00,$ 3346.00,100
3371,11:47:59,$ 3346.15,100
3372,11:47:58,$ 3346.63,100
3373,11:47:50,$ 3346.31,100
3374,11:47:50,$ 3346.31,100
3375,11:47:41,$ 3347.11,100
3376,11:47:37,$ 3348.00,100
3377,11:47:31,$ 3348.66,100
3378,11:47:30,$ 3348.0915,298
3379,11:47:23,$ 3348.62,100
3380,11:47:22,$ 3348.9987,200
3381,11:46:56,$ 3347.47,500
3382,11:46:56,$ 3348.885,100
3383,11:46:54,$ 3350.08,100
3384,11:46:54,$ 3350.32,100
3385,11:46:54,$ 3350.30,100
3386,11:46:54,$ 3350.30,100
3387,11:46:54,$ 3350.32,100
3388,11:46:51,$ 3350.78,100
3390,11:46:49,$ 3350.78,100
3391,11:46:49,$ 3350.43,100
3392,11:46:49,$ 3350.75,100
3393,11:46:49,$ 3350.765,100
3394,11:46:49,$ 3350.76,100
3395,11:46:49,$ 3350.73,100
3396,11:46:49,$ 3350.78,100
3397,11:46:49,$ 3350.78,100
3398,11:46:49,$ 3350.78,100
3399,11:46:49,$ 3350.745,100
3400,11:46:48,$ 3350.2191,200
3401,11:46:42,$ 3350.80,100
3402,11:46:42,$ 3350.77,100
3403,11:46:41,$ 3350.635,100
3404,11:46:41,$ 3350.765,100
3405,11:46:41,$ 3350.78,100
3406,11:46:41,$ 3350.78,100
3407,11:46:41,$ 3350.50,100
3408,11:46:41,$ 3350.745,100
3409,11:46:40,$ 3349.94,100
3411,11:46:39,$ 3349.98,100
3412,11:46:38,$ 3349.99,100
3413,11:46:38,$ 3349.98,234
3414,11:46:37,$ 3349.84,100
3415,11:46:33,$ 3350.1621,128
3416,11:46:29,$ 3349.525,100
3417,11:46:29,$ 3349.525,200
3418,11:46:22,$ 3349.53,100
3419,11:46:14,$ 3348.97,103
3420,11:46:09,$ 3349.13,301
3421,11:46:08,$ 3348.89,100
3422,11:46:06,$ 3350.063,326
3423,11:45:55,$ 3347.77,100
3424,11:45:42,$ 3349.333,100
3425,11:45:37,$ 3348.04,100
3426,11:45:36,$ 3348.64,125
3427,11:45:34,$ 3348.835,100
3428,11:45:30,$ 3348.80,200
3429,11:45:29,$ 3349.195,100
3430,11:45:28,$ 3347.75,100
3432,11:45:23,$ 3349.83,100
3433,11:45:17,$ 3350.25,100
3434,11:45:17,$ 3348.535,200
3435,11:45:12,$ 3348.66,100
3436,11:45:12,$ 3348.655,100
3437,11:45:11,$ 3348.66,100
3438,11:45:11,$ 3348.65,100
3439,11:45:11,$ 3348.66,100
3440,11:45:10,$ 3348.66,100
3441,11:45:10,$ 3348.63,100
3442,11:45:10,$ 3348.63,100
3443,11:44:54,$ 3347.72,100
3444,11:44:54,$ 3347.7196,100
3445,11:44:52,$ 3347.367,158
3446,11:44:50,$ 3346.56,100
3447,11:44:45,$ 3347.72,155
3448,11:44:44,$ 3347.99,"1,000"
3449,11:44:43,$ 3348.88,150
3450,11:44:37,$ 3349.15,500
3451,11:44:36,$ 3347.46,100
3453,11:44:35,$ 3348.98,100
3454,11:44:35,$ 3348.99,100
3455,11:44:30,$ 3349.15,175
3456,11:44:30,$ 3349.14,100
3457,11:44:27,$ 3350.20,100
3458,11:44:25,$ 3349.6284,500
3459,11:44:20,$ 3350.35,100
3460,11:44:16,$ 3348.51,100
3461,11:44:14,$ 3348.508,100
3462,11:44:10,$ 3347.225,100
3463,11:44:08,$ 3347.07,100
3464,11:44:07,$ 3346.605,100
3465,11:44:05,$ 3346.65,100
3466,11:44:05,$ 3346.46,150
3467,11:44:00,$ 3346.00,100
3468,11:44:00,$ 3346.00,100
3469,11:43:59,$ 3345.32,100
3470,11:43:59,$ 3345.32,100
3471,11:43:56,$ 3345.305,100
3472,11:43:48,$ 3345.05,100
3474,11:43:48,$ 3344.90,700
3475,11:43:48,$ 3344.91,100
3476,11:43:35,$ 3345.22,100
3477,11:43:35,$ 3345.03,100
3478,11:43:35,$ 3345.02,100
3479,11:43:29,$ 3345.05,262
3480,11:43:20,$ 3344.595,200
3481,11:43:20,$ 3344.11,100
3482,11:43:15,$ 3345.185,100
3483,11:43:15,$ 3344.9326,200
3484,11:43:13,$ 3344.595,150
3485,11:43:10,$ 3345.175,100
3486,11:43:06,$ 3344.86,100
3487,11:43:06,$ 3345.12,100
3488,11:43:03,$ 3343.935,100
3489,11:42:59,$ 3343.73,100
3490,11:42:44,$ 3343.7378,200
3491,11:42:40,$ 3344.93,100
3492,11:42:40,$ 3344.90,100
3493,11:42:38,$ 3345.0602,100
3495,11:42:37,$ 3345.44,100
3496,11:42:14,$ 3347.29,100
3497,11:42:14,$ 3347.45,150
3498,11:41:59,$ 3346.82,100
3499,11:41:59,$ 3345.4001,125
3500,11:41:57,$ 3346.93,100
3501,11:41:50,$ 3346.325,200
3502,11:41:46,$ 3345.78,100
3503,11:41:46,$ 3346.30,100
3504,11:41:46,$ 3346.82,200
3505,11:41:46,$ 3346.82,100
3506,11:41:36,$ 3347.085,100
3507,11:41:31,$ 3347.82,100
3508,11:41:28,$ 3347.465,100
3509,11:41:28,$ 3347.50,100
3510,11:41:28,$ 3347.46,100
3511,11:41:22,$ 3346.78,100
3512,11:41:17,$ 3346.665,100
3513,11:41:11,$ 3347.27,100
3514,11:41:10,$ 3347.11,100
3516,11:41:06,$ 3347.09,100
3517,11:40:57,$ 3347.24,100
3518,11:40:56,$ 3347.7798,200
3519,11:40:54,$ 3346.77,100
3520,11:40:53,$ 3347.375,100
3521,11:40:52,$ 3347.38,150
3522,11:40:51,$ 3346.98,100
3523,11:40:41,$ 3346.13,100
3524,11:40:34,$ 3346.08,111
3525,11:40:23,$ 3346.985,100
3526,11:40:20,$ 3346.19,400
3527,11:40:15,$ 3346.88,100
3528,11:40:15,$ 3346.49,100
3529,11:40:15,$ 3347.925,100
3530,11:40:14,$ 3346.67,100
3531,11:40:13,$ 3345.43,100
3532,11:40:13,$ 3345.24,100
3533,11:40:06,$ 3344.755,111
3534,11:39:54,$ 3345.84,500
3535,11:39:47,$ 3346.47,100
3537,11:39:43,$ 3347.68,100
3538,11:39:34,$ 3347.53,200
3539,11:39:31,$ 3348.3405,500
3540,11:39:27,$ 3347.4301,169
3541,11:39:25,$ 3346.50,100
3542,11:39:21,$ 3346.40,200
3543,11:39:18,$ 3346.40,125
3544,11:39:18,$ 3346.40,100
3545,11:39:11,$ 3346.40,100
3546,11:39:11,$ 3346.41,100
3547,11:39:11,$ 3346.41,100
3548,11:39:07,$ 3345.9899,200
3549,11:39:02,$ 3344.18,100
3550,11:39:01,$ 3344.14,100
3551,11:39:00,$ 3343.97,100
3552,11:38:50,$ 3343.71,100
3553,11:38:50,$ 3343.64,111
3554,11:38:49,$ 3343.84,100
3555,11:38:49,$ 3343.84,100
3556,11:38:49,$ 3343.83,100
3558,11:38:48,$ 3343.72,100
3559,11:38:48,$ 3343.72,100
3560,11:38:44,$ 3344.11,100
3561,11:38:40,$ 3343.47,150
3562,11:38:30,$ 3343.40,100
3563,11:38:28,$ 3343.7057,100
3564,11:38:23,$ 3343.97,100
3565,11:38:22,$ 3344.0325,100
3566,11:38:16,$ 3344.30,546
3567,11:38:16,$ 3343.43,100
3568,11:38:16,$ 3343.58,"1,250"
3569,11:38:15,$ 3343.87,100
3570,11:38:08,$ 3344.805,200
3571,11:38:08,$ 3344.3004,100
3572,11:38:08,$ 3344.31,100
3573,11:38:03,$ 3344.99,110
3574,11:38:00,$ 3344.5709,125
3575,11:38:00,$ 3342.06,100
3576,11:37:51,$ 3345.06,225
3577,11:37:51,$ 3345.06,100
3579,11:37:51,$ 3342.31,100
3580,11:37:51,$ 3345.42,100
3581,11:37:51,$ 3345.80,100
3582,11:37:46,$ 3346.12,200
3583,11:37:44,$ 3346.00,100
3584,11:37:43,$ 3346.8999,100
3585,11:37:40,$ 3346.41,400
3586,11:37:39,$ 3346.02,100
3587,11:37:38,$ 3346.90,113
3588,11:37:37,$ 3346.00,100
3589,11:37:31,$ 3345.80,106
3590,11:37:31,$ 3345.80,100
3591,11:37:28,$ 3345.80,100
3592,11:37:24,$ 3346.165,400
3593,11:37:21,$ 3346.16,119
3594,11:37:17,$ 3345.97,100
3595,11:37:11,$ 3346.005,100
3596,11:37:09,$ 3345.2772,200
3597,11:37:09,$ 3346.205,150
3598,11:37:06,$ 3345.87,100
3600,11:37:05,$ 3346.525,100
3601,11:37:05,$ 3346.86,267
3602,11:37:05,$ 3345.00,200
3603,11:37:04,$ 3347.79,100
3604,11:37:03,$ 3347.78,100
3605,11:36:59,$ 3347.78,100
3606,11:36:58,$ 3347.79,100
3607,11:36:55,$ 3347.13,100
3608,11:36:53,$ 3348.14,100
3609,11:36:53,$ 3347.00,100
3610,11:36:51,$ 3348.00,100
3611,11:36:49,$ 3347.45,250
3612,11:36:49,$ 3347.45,100
3613,11:36:48,$ 3348.97,100
3614,11:36:47,$ 3348.83,100
3615,11:36:47,$ 3349.40,100
3616,11:36:47,$ 3348.3405,200
3617,11:36:45,$ 3348.02,100
3618,11:36:42,$ 3348.07,100
3619,11:36:35,$ 3349.07,125
3621,11:36:35,$ 3349.98,100
3622,11:36:35,$ 3349.42,100
3623,11:36:35,$ 3349.00,100
3624,11:36:32,$ 3349.00,100
3625,11:36:32,$ 3349.26,100
3626,11:36:32,$ 3349.39,100
3627,11:36:28,$ 3350.80,100
3628,11:36:27,$ 3351.12,100
3629,11:36:26,$ 3351.12,100
3630,11:36:24,$ 3352.48,100
3631,11:36:24,$ 3352.48,100
3632,11:36:22,$ 3351.36,137
3633,11:36:21,$ 3352.30,100
3634,11:36:21,$ 3353.02,100
3635,11:36:21,$ 3353.04,100
3636,11:36:21,$ 3351.82,100
3637,11:36:11,$ 3352.96,100
3638,11:36:11,$ 3353.09,100
3639,11:36:09,$ 3352.86,100
3640,11:36:05,$ 3353.305,100
3642,11:36:03,$ 3352.1001,179
3643,11:35:57,$ 3352.34,100
3644,11:35:57,$ 3352.34,100
3645,11:35:54,$ 3352.68,100
3646,11:35:49,$ 3352.76,100
3647,11:35:47,$ 3350.86,100
3648,11:35:42,$ 3350.80,100
3649,11:35:38,$ 3352.12,100
3650,11:35:34,$ 3352.50,100
3651,11:35:27,$ 3352.79,100
3652,11:35:25,$ 3351.93,100
3653,11:34:44,$ 3353.41,150
3654,11:34:39,$ 3353.00,100
3655,11:34:39,$ 3352.95,100
3656,11:34:39,$ 3353.00,100
3657,11:34:38,$ 3352.97,100
3658,11:34:38,$ 3353.00,100
3659,11:34:35,$ 3353.06,107
3660,11:34:31,$ 3353.59,100
3661,11:34:30,$ 3353.50,100
3663,11:34:30,$ 3353.25,100
3664,11:34:20,$ 3353.00,319
3665,11:34:18,$ 3354.50,100
3666,11:34:17,$ 3353.92,100
3667,11:34:17,$ 3354.25,100
3668,11:34:16,$ 3353.92,100
3669,11:34:16,$ 3353.92,100
3670,11:34:16,$ 3353.91,100
3671,11:34:16,$ 3353.91,100
3672,11:34:16,$ 3353.91,100
3673,11:34:16,$ 3353.91,100
3674,11:34:16,$ 3353.91,100
3675,11:34:16,$ 3353.91,100
3676,11:34:16,$ 3354.35,400
3677,11:34:13,$ 3353.91,100
3678,11:34:13,$ 3353.91,100
3679,11:34:13,$ 3354.8547,200
3680,11:34:13,$ 3354.99,100
3681,11:34:09,$ 3354.04,100
3682,11:34:09,$ 3353.91,100
3684,11:34:09,$ 3354.01,113
3685,11:34:09,$ 3354.50,100
3686,11:34:03,$ 3355.72,100
3687,11:34:01,$ 3355.93,100
3688,11:33:58,$ 3355.90,100
3689,11:33:27,$ 3355.61,100
3690,11:33:25,$ 3354.76,100
3691,11:33:20,$ 3354.335,100
3692,11:33:19,$ 3354.77,100
3693,11:33:19,$ 3353.91,100
3694,11:33:18,$ 3353.91,100
3695,11:33:17,$ 3354.00,100
3696,11:33:17,$ 3354.00,100
3697,11:33:17,$ 3353.99,100
3698,11:33:17,$ 3353.99,300
3699,11:33:16,$ 3355.69,199
3700,11:33:15,$ 3356.34,116
3701,11:33:15,$ 3356.57,100
3702,11:33:15,$ 3356.50,100
3703,11:33:15,$ 3357.26,100
3705,11:33:05,$ 3356.59,100
3706,11:33:03,$ 3357.20,100
3707,11:33:02,$ 3356.58,100
3708,11:33:02,$ 3357.105,100
3709,11:33:02,$ 3356.52,100
3710,11:32:59,$ 3355.795,100
3711,11:32:50,$ 3356.15,250
3712,11:32:42,$ 3356.53,100
3713,11:32:39,$ 3355.30,100
3714,11:32:37,$ 3355.805,200
3715,11:32:32,$ 3355.93,100
3716,11:32:30,$ 3356.28,100
3717,11:32:25,$ 3356.9032,100
3718,11:32:21,$ 3355.29,200
3719,11:32:17,$ 3356.93,200
3720,11:32:11,$ 3357.515,100
3721,11:32:11,$ 3357.52,115
3722,11:32:00,$ 3357.90,100
3723,11:31:58,$ 3357.00,100
3724,11:31:58,$ 3357.00,100
3726,11:31:43,$ 3357.69,300
3727,11:31:38,$ 3358.54,100
3728,11:31:36,$ 3357.88,100
3729,11:31:25,$ 3357.05,100
3730,11:31:14,$ 3357.4807,300
3731,11:31:13,$ 3357.61,100
3732,11:31:11,$ 3356.32,100
3733,11:31:11,$ 3357.25,100
3734,11:31:10,$ 3357.825,100
3735,11:31:09,$ 3357.25,100
3736,11:31:09,$ 3357.72,100
3737,11:31:09,$ 3358.25,192
3738,11:31:09,$ 3358.24,100
3739,11:31:08,$ 3357.96,100
3740,11:31:08,$ 3357.96,100
3741,11:31:08,$ 3357.32,100
3742,11:31:07,$ 3357.645,113
3743,11:31:04,$ 3357.32,100
3744,11:31:02,$ 3358.00,430
3745,11:31:01,$ 3359.0099,100
3747,12:29:48,$ 3346.24,100
3748,12:29:40,$ 3345.53,100
3749,12:29:35,$ 3345.52,100
3750,12:29:14,$ 3344.88,100
3751,12:29:12,$ 3344.82,100
3752,12:29:03,$ 3345.0994,145
3753,12:29:02,$ 3344.73,100
3754,12:29:02,$ 3344.73,100
3755,12:29:00,$ 3344.73,100
3756,12:29:00,$ 3344.73,100
3757,12:28:59,$ 3344.75,100
3758,12:28:59,$ 3344.75,100
3759,12:28:58,$ 3344.67,100
3760,12:28:58,$ 3344.81,100
3761,12:28:31,$ 3344.01,100
3762,12:27:55,$ 3342.6675,400
3763,12:27:52,$ 3342.73,100
3764,12:27:50,$ 3342.78,100
3765,12:27:49,$ 3342.92,100
3766,12:27:47,$ 3343.00,100
3768,12:27:46,$ 3342.92,100
3769,12:27:46,$ 3342.92,100
3770,12:27:38,$ 3342.32,100
3771,12:27:32,$ 3342.37,100
3772,12:26:35,$ 3341.2624,130
3773,12:26:32,$ 3340.86,100
3774,12:26:31,$ 3340.82,100
3775,12:26:31,$ 3340.87,100
3776,12:26:29,$ 3340.8499,100
3777,12:26:26,$ 3340.335,300
3778,12:26:15,$ 3340.45,200
3779,12:26:04,$ 3340.39,100
3780,12:26:04,$ 3340.40,100
3781,12:25:45,$ 3341.16,100
3782,12:25:37,$ 3340.795,100
3783,12:25:27,$ 3340.55,460
3784,12:25:22,$ 3340.65,247
3785,12:25:07,$ 3340.36,100
3786,12:24:59,$ 3339.57,151
3787,12:24:58,$ 3340.00,162
3789,12:24:58,$ 3340.00,100
3790,12:24:58,$ 3340.00,100
3791,12:24:47,$ 3340.5781,100
3792,12:24:39,$ 3341.205,100
3793,12:24:38,$ 3341.00,100
3794,12:24:38,$ 3341.00,100
3795,12:24:38,$ 3341.09,100
3796,12:24:34,$ 3341.24,157
3797,12:23:23,$ 3343.00,110
3798,12:23:23,$ 3342.60,155
3799,12:23:23,$ 3343.01,100
3800,12:23:16,$ 3343.43,100
3801,12:22:22,$ 3343.9037,100
3802,12:22:17,$ 3344.00,100
3803,12:22:06,$ 3343.60,100
3804,12:21:56,$ 3343.75,100
3805,12:21:30,$ 3345.705,100
3806,12:21:20,$ 3345.31,150
3807,12:21:16,$ 3345.495,"1,000"
3808,12:21:13,$ 3345.989,100
3810,12:21:00,$ 3343.66,100
3811,12:21:00,$ 3343.71,100
3812,12:20:59,$ 3343.383,100
3813,12:20:58,$ 3343.64,100
3814,12:20:57,$ 3343.59,100
3815,12:20:53,$ 3344.587,100
3816,12:20:32,$ 3344.305,100
3817,12:20:10,$ 3344.00,100
3818,12:20:00,$ 3345.705,200
3819,12:19:55,$ 3345.695,100
3820,12:19:49,$ 3345.19,200
3821,12:19:34,$ 3344.56,100
3822,12:19:33,$ 3345.79,200
3823,12:19:11,$ 3345.47,100
3824,12:19:11,$ 3345.46,100
3825,12:19:09,$ 3345.4699,100
3826,12:18:59,$ 3344.97,100
3827,12:18:59,$ 3345.05,100
3828,12:18:03,$ 3345.39,100
3829,12:17:46,$ 3345.98,928
3831,12:17:45,$ 3347.20,100
3832,12:17:33,$ 3347.72,100
3833,12:17:33,$ 3347.92,100
3834,12:17:33,$ 3347.82,100
3835,12:17:32,$ 3348.44,100
3836,12:17:07,$ 3346.78,100
3837,12:16:49,$ 3347.02,102
3838,12:16:38,$ 3346.11,100
3839,12:16:33,$ 3346.275,100
3840,12:16:28,$ 3347.11,189
