,NLS Time (ET),NLS Price,NLS Share Volume
0,09:59:58,3435.31,100
1,09:59:56,3435.0,232
2,09:59:47,3434.64,100
3,09:59:41,3434.58,100
4,09:59:41,3434.88,100
5,09:59:38,3435.285,200
6,09:59:32,3435.0,140
7,09:59:24,3434.14,100
8,09:59:21,3434.3059,100
9,09:59:17,3434.0,100
10,09:59:10,3433.265,157
11,09:59:07,3433.515,100
12,09:59:04,3433.99,100
13,09:59:04,3433.26,100
14,09:59:02,3432.89,100
15,09:58:59,3432.807,100
16,09:58:58,3433.59,100
17,09:58:57,3433.48,200
18,09:58:49,3432.89,100
19,09:58:39,3432.92,100
20,09:58:37,3433.4,100
21,09:58:37,3433.3,100
22,09:58:06,3432.71,100
23,09:58:06,3432.0,100
24,09:58:00,3432.71,100
25,09:58:00,3432.71,100
26,09:57:53,3431.19,100
27,09:57:53,3431.16,100
28,09:57:53,3431.935,100
29,09:57:48,3431.2247,500
30,09:57:43,3431.02,100
31,09:57:41,3431.04,100
32,09:57:27,3431.0143,500
33,09:57:26,3430.7901,100
34,09:57:05,3430.7982,100
35,09:57:02,3430.47,100
36,09:57:02,3430.25,100
37,09:56:51,3429.38,100
38,09:56:48,3430.44,100
39,09:56:46,3429.13,100
40,09:56:39,3430.065,100
41,09:56:36,3429.4206,100
42,09:56:30,3429.9,100
43,09:56:30,3429.88,100
44,09:56:30,3429.5,100
45,09:56:30,3429.38,125
46,09:56:30,3428.96,100
47,09:56:14,3428.7099,100
48,09:56:10,3428.5769,500
49,09:55:49,3429.88,100
50,09:55:19,3427.5033,150
51,09:55:11,3428.67,100
52,09:55:08,3430.0,100
53,09:55:08,3429.6,100
54,09:55:04,3428.6723,100
55,09:54:47,3427.54,100
56,09:54:14,3425.4201,150
57,09:54:08,3425.36,100
58,09:54:08,3425.0,100
59,09:54:08,3425.0,100
60,09:54:04,3424.6124,186
61,09:53:54,3424.735,100
62,09:53:43,3424.35,150
63,09:53:42,3425.355,100
64,09:53:39,3425.1775,100
65,09:53:33,3425.765,100
66,09:53:30,3424.13,100
67,09:53:29,3423.88,100
68,09:53:25,3422.06,100
69,09:53:25,3422.06,100
70,09:53:25,3422.41,100
71,09:53:24,3423.2052,1000
72,09:53:23,3422.0401,400
73,09:53:17,3422.8773,119
74,09:53:13,3423.53,100
75,09:53:13,3422.99,100
76,09:53:07,3422.78,100
77,09:53:03,3421.495,300
78,09:53:00,3421.0,100
79,09:53:00,3421.995,100
80,09:53:00,3421.77,100
81,09:53:00,3422.0805,200
82,09:53:00,3422.37,100
83,09:52:53,3422.83,100
84,09:52:47,3422.94,124
85,09:52:47,3422.94,103
86,09:52:47,3422.94,103
87,09:52:44,3422.2554,100
88,09:52:41,3423.465,100
89,09:52:33,3423.1,100
90,09:52:33,3423.93,100
91,09:52:32,3424.4332,140
92,09:52:27,3422.685,100
93,09:52:26,3424.305,100
94,09:52:24,3423.495,100
95,09:52:19,3424.64,100
96,09:52:19,3424.71,100
97,09:52:19,3423.495,100
98,09:52:18,3424.295,100
99,09:52:12,3426.57,100
100,09:52:10,3426.5001,671
101,09:52:09,3428.83,451
102,09:52:08,3426.5,100
103,09:52:08,3427.8,113
104,09:52:08,3428.75,100
105,09:52:00,3429.89,100
106,09:51:56,3429.19,100
107,09:51:54,3429.26,100
108,09:51:44,3430.36,100
109,09:51:44,3430.0,100
110,09:51:43,3429.98,900
111,09:51:43,3430.641,100
112,09:51:38,3429.52,100
113,09:51:21,3430.33,100
114,09:51:21,3430.33,100
115,09:51:16,3429.615,200
116,09:51:14,3430.0,100
117,09:51:11,3430.64,100
118,09:50:48,3430.01,100
119,09:50:18,3432.05,100
120,09:50:12,3432.795,100
121,09:50:09,3433.17,100
122,09:50:03,3434.9999,100
123,09:49:58,3434.425,193
124,09:49:51,3434.68,100
125,09:49:51,3434.0201,1000
126,09:49:50,3435.7599,100
127,09:49:48,3434.9599,100
128,09:49:45,3433.6,100
129,09:49:43,3432.735,500
130,09:49:25,3433.99,100
131,09:49:20,3433.846,100
132,09:49:12,3434.9599,100
133,09:48:55,3434.5172,100
134,09:48:43,3433.9146,500
135,09:48:42,3434.23,100
136,09:48:32,3433.345,100
137,09:48:31,3433.37,100
138,09:48:31,3432.72,100
139,09:48:23,3432.25,198
140,09:48:23,3431.99,181
141,09:48:19,3432.675,100
142,09:48:18,3432.695,100
143,09:48:14,3433.36,100
144,09:48:12,3432.99,100
145,09:48:12,3432.99,100
146,09:48:10,3431.68,100
147,09:48:05,3432.14,100
148,09:47:53,3432.0,100
149,09:47:49,3432.26,100
150,09:47:44,3432.99,100
151,09:47:39,3431.59,100
152,09:47:39,3431.6,100
153,09:47:39,3432.68,100
154,09:47:27,3430.1071,200
155,09:47:16,3431.831,100
156,09:47:15,3431.235,200
157,09:47:15,3431.0,100
158,09:47:02,3430.0,100
159,09:46:59,3429.0,100
160,09:46:59,3429.505,100
161,09:46:55,3429.0201,100
162,09:46:54,3429.02,100
163,09:46:50,3430.0,218
164,09:46:44,3431.295,200
165,09:46:44,3431.295,100
166,09:46:43,3431.305,100
167,09:46:39,3431.275,100
168,09:46:29,3428.69,100
169,09:46:29,3429.22,100
170,09:46:18,3431.44,100
171,09:46:16,3432.79,100
172,09:46:16,3431.55,100
173,09:46:12,3430.58,100
174,09:46:12,3429.9,100
175,09:46:12,3429.9,100
176,09:46:12,3429.9,100
177,09:46:12,3429.9,100
178,09:46:12,3428.97,100
179,09:46:12,3428.95,100
180,09:46:05,3429.0,100
181,09:46:05,3429.97,100
182,09:46:04,3429.16,100
183,09:46:04,3429.03,100
184,09:46:04,3428.73,100
185,09:46:04,3429.19,100
186,09:46:04,3429.03,100
187,09:46:04,3429.03,100
188,09:46:04,3429.0038,100
189,09:46:04,3429.0035,100
190,09:46:03,3430.15,100
191,09:46:03,3429.83,100
192,09:46:02,3429.8139,100
193,09:46:00,3429.0641,100
194,09:46:00,3429.825,100
195,09:45:58,3429.24,100
196,09:45:58,3429.2,192
197,09:45:58,3430.12,100
198,09:45:55,3430.56,100
199,09:45:55,3431.025,100
200,09:45:53,3430.58,100
201,09:45:49,3432.22,100
202,09:45:48,3432.22,100
203,09:45:48,3432.22,100
204,09:45:45,3431.78,300
205,09:45:43,3432.28,100
206,09:45:42,3432.11,100
207,09:45:34,3433.0001,300
208,09:45:33,3433.985,100
209,09:45:27,3433.095,100
210,09:45:22,3434.005,100
211,09:45:11,3434.8404,100
212,09:45:11,3434.5,145
213,09:45:09,3434.85,100
214,09:45:03,3434.31,100
215,09:45:02,3434.9,100
216,09:45:00,3434.58,101
217,09:45:00,3434.57,300
218,09:45:00,3434.57,100
219,09:45:00,3434.57,100
220,09:44:48,3434.15,100
221,09:44:47,3434.9999,100
222,09:44:36,3436.945,100
223,09:44:34,3436.0,170
224,09:44:34,3436.8,100
225,09:44:34,3436.82,100
226,09:44:34,3436.8,100
227,09:44:34,3436.29,100
228,09:44:32,3437.04,100
229,09:44:25,3438.02,100
230,09:44:25,3437.11,198
231,09:44:25,3438.02,100
232,09:44:21,3437.62,100
233,09:44:19,3437.59,100
234,09:44:19,3437.96,100
235,09:44:19,3437.3329,250
236,09:44:16,3438.61,100
237,09:44:16,3437.225,100
238,09:44:08,3437.915,100
239,09:44:07,3437.36,100
240,09:44:06,3435.8334,500
241,09:44:05,3436.435,100
242,09:43:50,3435.47,111
243,09:43:50,3435.43,100
244,09:43:45,3435.658,100
245,09:43:39,3435.53,100
246,09:43:39,3435.53,100
247,09:43:33,3435.6,100
248,09:43:29,3435.645,100
249,09:43:24,3435.8,100
250,09:43:18,3435.645,100
251,09:43:17,3436.2183,300
252,09:43:14,3435.74,100
253,09:43:12,3433.43,100
254,09:43:07,3433.0,130
255,09:43:07,3433.03,100
256,09:43:07,3433.01,100
257,09:43:07,3433.0,860
258,09:43:07,3433.54,100
259,09:43:07,3433.27,100
260,09:43:07,3433.5,100
261,09:43:07,3433.49,100
262,09:43:07,3433.42,100
263,09:43:07,3434.5,100
264,09:43:06,3435.375,100
265,09:42:58,3435.0,100
266,09:42:56,3435.46,100
267,09:42:56,3435.46,100
268,09:42:56,3435.27,100
269,09:42:54,3434.0002,100
270,09:42:45,3436.245,100
271,09:42:44,3435.12,200
272,09:42:43,3435.71,100
273,09:42:42,3435.01,100
274,09:42:42,3435.01,100
275,09:42:42,3435.11,100
276,09:42:42,3435.7,100
277,09:42:42,3435.702,100
278,09:42:42,3435.78,100
279,09:42:42,3435.78,100
280,09:42:42,3435.68,100
281,09:42:41,3435.73,100
282,09:42:41,3435.76,100
283,09:42:36,3436.42,100
284,09:42:35,3435.68,100
285,09:42:35,3435.68,100
286,09:42:20,3439.97,100
287,09:42:20,3439.97,100
288,09:42:20,3439.95,100
289,09:42:20,3439.95,100
290,09:42:20,3439.95,100
291,09:42:20,3439.95,100
292,09:42:20,3439.95,100
293,09:42:20,3439.61,200
294,09:42:14,3440.75,100
295,09:42:12,3440.0,100
296,09:42:04,3438.0901,130
297,09:41:58,3439.9369,100
298,09:41:53,3440.45,100
299,09:41:52,3439.938,102
300,09:41:48,3440.05,100
301,09:41:48,3439.97,100
302,09:41:48,3439.98,100
303,09:41:48,3439.84,100
304,09:41:48,3438.695,100
305,09:41:45,3438.89,100
306,09:41:45,3439.075,100
307,09:41:45,3438.75,100
308,09:41:45,3438.9325,100
309,09:41:45,3439.075,100
310,09:41:45,3439.075,100
311,09:41:45,3439.075,100
312,09:41:45,3439.0225,100
313,09:41:45,3439.075,100
314,09:41:45,3438.62,100
315,09:41:45,3438.89,100
316,09:41:42,3439.1,100
317,09:41:33,3439.38,200
318,09:41:33,3439.38,200
319,09:41:33,3439.38,100
320,09:41:15,3439.6,100
321,09:41:13,3440.525,100
322,09:41:13,3440.525,100
323,09:41:13,3440.525,100
324,09:41:12,3439.97,100
325,09:41:05,3439.28,100
326,09:41:00,3439.77,100
327,09:40:51,3439.26,100
328,09:40:46,3439.97,229
329,09:40:46,3439.23,100
330,09:40:46,3439.35,114
331,09:40:46,3439.35,148
332,09:40:46,3439.35,380
333,09:40:46,3439.35,193
334,09:40:30,3439.99,296
335,09:40:16,3440.7875,100
336,09:40:09,3440.98,100
337,09:40:09,3441.0,100
338,09:40:07,3440.95,100
339,09:40:00,3440.35,100
340,09:39:51,3439.5002,100
341,09:39:48,3440.58,100
342,09:39:45,3440.49,100
343,09:39:12,3440.99,100
344,09:39:10,3439.99,100
345,09:39:02,3438.665,100
346,09:38:55,3438.885,100
347,09:38:53,3438.29,100
348,09:38:51,3439.87,100
349,09:38:28,3437.9301,300
350,09:38:28,3439.3875,100
351,09:38:27,3440.0635,100
352,09:38:24,3438.1603,100
353,09:38:19,3440.09,100
354,09:38:19,3440.18,100
355,09:38:18,3439.59,100
356,09:38:17,3439.61,100
357,09:38:08,3440.275,100
358,09:38:08,3440.26,100
359,09:38:05,3440.51,100
360,09:38:00,3437.6001,100
361,09:37:56,3438.8,100
362,09:37:56,3438.4,100
363,09:37:56,3438.7,100
364,09:37:52,3439.37,100
365,09:37:52,3439.42,200
366,09:37:49,3439.7166,300
367,09:37:47,3440.0,100
368,09:37:46,3440.0,200
369,09:37:46,3440.0,400
370,09:37:46,3440.0,100
371,09:37:46,3439.48,100
372,09:37:43,3438.47,100
373,09:37:41,3438.469,151
374,09:37:37,3438.72,100
375,09:37:36,3437.93,100
376,09:37:35,3437.575,100
377,09:37:34,3437.29,100
378,09:37:34,3437.29,100
379,09:37:34,3437.23,100
380,09:37:34,3437.92,300
381,09:37:34,3437.695,200
382,09:37:31,3437.585,200
383,09:37:30,3437.25,100
384,09:37:28,3437.04,100
385,09:37:28,3437.01,100
386,09:37:28,3437.14,100
387,09:37:27,3437.865,200
388,09:37:27,3437.5316,165
389,09:37:18,3437.6,100
390,09:37:18,3439.09,100
391,09:37:17,3438.335,200
392,09:37:14,3439.075,100
393,09:37:12,3438.92,100
394,09:37:12,3437.765,200
395,09:37:11,3437.0,100
396,09:37:09,3436.68,100
397,09:36:56,3438.26,100
398,09:36:50,3438.7304,150
399,09:36:42,3437.9946,186
400,09:36:41,3438.168,500
401,09:36:40,3436.64,100
402,09:36:25,3437.8017,100
403,09:36:21,3439.815,100
404,09:36:19,3439.84,100
405,09:36:16,3438.1784,300
406,09:36:09,3439.26,270
407,09:36:05,3441.4462,100
408,09:36:04,3441.5,100
409,09:36:03,3441.5,200
410,09:36:03,3441.49,100
411,09:36:03,3439.99,300
412,09:36:03,3439.97,110
413,09:36:01,3438.93,100
414,09:36:00,3438.1301,100
415,09:36:00,3437.81,100
416,09:35:59,3438.46,200
417,09:35:59,3436.79,100
418,09:35:59,3435.88,100
419,09:35:59,3435.23,100
420,09:35:59,3435.23,100
421,09:35:59,3435.24,100
422,09:35:59,3435.23,100
423,09:35:59,3435.23,100
424,09:35:59,3435.24,100
425,09:35:59,3435.26,100
426,09:35:59,3435.23,100
427,09:35:59,3435.22,100
428,09:35:59,3435.23,100
429,09:35:59,3435.22,100
430,09:35:59,3435.23,400
431,09:35:59,3435.0,100
432,09:35:59,3435.0,100
433,09:35:59,3435.0,200
434,09:35:59,3435.0,222
435,09:35:59,3435.0,100
436,09:35:59,3435.0,100
437,09:35:59,3434.65,100
438,09:35:58,3434.65,100
439,09:35:58,3434.85,100
440,09:35:58,3434.72,100
441,09:35:49,3433.515,100
442,09:35:45,3433.675,100
443,09:35:42,3433.4588,100
444,09:35:38,3434.46,100
445,09:35:36,3434.405,100
446,09:35:35,3433.9201,100
447,09:35:33,3433.92,100
448,09:35:26,3433.0,100
449,09:35:22,3434.26,100
450,09:35:15,3433.4,100
451,09:35:15,3433.895,100
452,09:35:14,3433.8782,500
453,09:35:14,3433.0,100
454,09:35:06,3430.5589,100
455,09:35:02,3431.94,100
456,09:35:00,3430.1094,350
457,09:34:55,3430.8856,100
458,09:34:55,3432.1919,100
459,09:34:51,3431.31,100
460,09:34:47,3431.21,100
461,09:34:45,3430.0,100
462,09:34:45,3430.0,100
463,09:34:45,3430.0,100
464,09:34:45,3430.0,100
465,09:34:44,3431.03,100
466,09:34:40,3430.9446,200
467,09:34:40,3431.6164,200
468,09:34:39,3431.52,100
469,09:34:37,3430.8533,100
470,09:34:36,3431.01,100
471,09:34:36,3431.11,100
472,09:34:35,3431.3,159
473,09:34:35,3431.22,100
474,09:34:32,3432.61,100
475,09:34:30,3430.7492,520
476,09:34:25,3430.4288,1000
477,09:34:20,3433.005,100
478,09:34:16,3433.42,100
479,09:34:14,3432.3046,259
480,09:34:10,3432.35,200
481,09:34:10,3432.3727,100
482,09:34:10,3432.852,100
483,09:34:09,3433.42,200
484,09:34:09,3433.38,200
485,09:34:09,3433.38,100
486,09:34:08,3432.35,139
487,09:34:08,3432.36,228
488,09:34:07,3431.45,355
489,09:34:07,3431.45,100
490,09:34:07,3431.41,100
491,09:34:07,3431.41,100
492,09:34:07,3431.41,100
493,09:34:07,3431.41,133
494,09:34:05,3430.21,201
495,09:34:04,3429.465,100
496,09:34:04,3431.4199,100
497,09:34:04,3430.0,100
498,09:34:01,3425.8,100
499,09:34:01,3425.71,100
500,09:34:01,3424.0,200
501,09:34:01,3424.0,100
502,09:34:00,3430.46,100
503,09:33:57,3430.48,100
504,09:33:57,3430.57,100
505,09:33:55,3431.61,100
506,09:33:55,3431.94,100
507,09:33:54,3431.915,100
508,09:33:54,3431.705,100
509,09:33:54,3432.99,100
510,09:33:54,3432.99,100
511,09:33:54,3432.99,150
512,09:33:54,3433.0,213
513,09:33:52,3432.33,300
514,09:33:52,3432.33,100
515,09:33:52,3431.99,100
516,09:33:52,3430.79,100
517,09:33:52,3429.94,100
518,09:33:52,3429.24,100
519,09:33:52,3428.87,100
520,09:33:51,3428.0,100
521,09:33:51,3426.31,100
522,09:33:50,3426.33,100
523,09:33:47,3425.3,100
524,09:33:42,3426.23,100
525,09:33:42,3427.82,100
526,09:33:37,3427.1914,300
527,09:33:35,3428.0649,200
528,09:33:33,3427.9,200
529,09:33:33,3427.9,100
530,09:33:33,3427.0,282
531,09:33:33,3426.99,100
532,09:33:33,3426.99,400
533,09:33:33,3426.94,100
534,09:33:33,3427.0,100
535,09:33:32,3426.69,100
536,09:33:30,3425.0,159
537,09:33:25,3425.6729,100
538,09:33:25,3427.8999,100
539,09:33:22,3426.7,130
540,09:33:21,3427.0614,100
541,09:33:20,3427.7539,235
542,09:33:16,3427.2,100
543,09:33:16,3427.04,100
544,09:33:16,3427.4611,1500
545,09:33:14,3427.41,100
546,09:33:06,3427.68,100
547,09:33:06,3427.5,100
548,09:33:06,3427.19,100
549,09:33:06,3427.01,100
550,09:33:06,3426.92,100
551,09:33:03,3424.7598,500
552,09:32:58,3426.0,157
553,09:32:57,3425.41,100
554,09:32:54,3425.025,100
555,09:32:44,3424.855,230
556,09:32:44,3423.786,100
557,09:32:44,3423.866,100
558,09:32:44,3424.2,100
559,09:32:43,3425.41,100
560,09:32:41,3426.065,100
561,09:32:36,3426.4924,100
562,09:32:35,3426.1132,259
563,09:32:32,3425.0,100
564,09:32:32,3425.0,100
565,09:32:32,3425.0,114
566,09:32:32,3425.0,100
567,09:32:32,3425.0,100
568,09:32:32,3425.0,100
569,09:32:31,3424.83,400
570,09:32:31,3424.56,133
571,09:32:31,3424.56,188
572,09:32:31,3424.1902,100
573,09:32:26,3423.18,333
574,09:32:25,3422.72,149
575,09:32:24,3422.72,100
576,09:32:24,3422.72,100
577,09:32:22,3421.41,160
578,09:32:22,3421.41,230
579,09:32:21,3421.07,131
580,09:32:21,3420.8,100
581,09:32:21,3421.07,200
582,09:32:21,3421.06,100
583,09:32:21,3421.07,359
584,09:32:21,3420.58,200
585,09:32:21,3418.925,100
586,09:32:21,3419.38,100
587,09:32:21,3419.4,100
588,09:32:21,3420.8,100
589,09:32:21,3420.8,200
590,09:32:20,3419.21,100
591,09:32:20,3418.195,100
592,09:32:20,3418.17,100
593,09:32:19,3417.0501,100
594,09:32:19,3419.33,100
595,09:32:18,3420.13,100
596,09:32:18,3420.23,100
597,09:32:16,3420.14,100
598,09:32:16,3420.02,100
599,09:32:16,3420.02,200
600,09:32:16,3420.02,300
601,09:32:09,3421.48,100
602,09:32:09,3421.41,100
603,09:32:07,3422.2,100
604,09:32:00,3421.83,100
605,09:31:59,3423.05,100
606,09:31:59,3423.0601,300
607,09:31:58,3423.3586,100
608,09:31:57,3423.4,100
609,09:31:54,3423.0,192
610,09:31:48,3422.29,100
611,09:31:41,3421.0542,100
612,09:31:39,3420.9713,100
613,09:31:34,3421.22,100
614,09:31:34,3420.57,100
615,09:31:33,3421.43,100
616,09:31:33,3421.405,100
617,09:31:31,3422.257,100
618,09:31:29,3421.785,150
619,09:31:29,3422.89,100
620,09:31:29,3423.0,100
621,09:31:29,3423.0,100
622,09:31:25,3421.64,100
623,09:31:25,3421.64,100
624,09:31:25,3420.6,100
625,09:31:25,3419.8,100
626,09:31:25,3419.81,100
627,09:31:25,3419.81,100
628,09:31:25,3419.82,100
629,09:31:25,3419.81,100
630,09:31:25,3419.6,100
631,09:31:25,3420.41,115
632,09:31:20,3421.55,300
633,09:31:11,3421.79,196
634,09:31:11,3421.3,200
635,09:31:10,3420.0,100
636,09:31:10,3420.0,100
637,09:31:10,3420.0,100
638,09:31:03,3419.655,100
639,09:31:00,3419.6,100
640,09:31:00,3419.5,100
641,09:31:00,3419.62,100
642,09:30:57,3419.9999,100
643,09:30:56,3418.8277,100
644,09:30:56,3418.92,100
645,09:30:56,3419.9999,150
646,09:30:56,3419.4855,116
647,09:30:56,3419.4855,487
648,09:30:54,3419.5,100
649,09:30:53,3418.68,100
650,09:30:53,3418.06,299
651,09:30:53,3418.0,100
652,09:30:53,3418.0,100
653,09:30:53,3418.0,371
654,09:30:53,3418.0,100
655,09:30:53,3418.0,161
656,09:30:53,3418.06,100
657,09:30:53,3418.06,100
658,09:30:53,3418.0,100
659,09:30:53,3416.99,100
660,09:30:53,3417.0,192
661,09:30:53,3417.0,150
662,09:30:53,3416.6,100
663,09:30:53,3417.0,434
664,09:30:53,3417.0,100
665,09:30:50,3416.3335,500
666,09:30:46,3415.74,100
667,09:30:41,3415.53,100
668,09:30:41,3415.53,600
669,09:30:41,3415.53,100
670,09:30:41,3415.53,100
671,09:30:41,3415.53,128
672,09:30:21,3414.5991,100
673,09:30:10,3414.28,100
674,09:30:04,3413.5098,1000
675,09:30:03,3415.35,100
676,09:30:02,3416.0,1
677,09:30:02,3416.0,80
678,09:30:02,3416.0,5
679,09:30:02,3416.0,54
680,09:30:02,3416.0,14
681,09:30:02,3416.0,3
682,09:30:02,3416.0,50
683,09:30:02,3416.0,3
684,09:30:02,3416.0,1
685,09:30:02,3416.0,1
686,09:30:02,3416.0,2
687,09:30:02,3416.0,8
688,09:30:02,3416.0,10
689,09:30:02,3416.0,15
690,09:30:02,3416.0,9
691,09:30:02,3416.0,7
692,09:30:02,3416.0,2
693,09:30:02,3416.0,30
694,09:30:02,3416.0,1
695,09:30:02,3416.0,26
696,09:30:02,3416.0,30
697,09:30:02,3416.0,1
698,09:30:02,3416.0,3
699,09:30:02,3416.0,3
700,09:30:02,3416.0,6
701,09:30:02,3416.0,5
702,09:30:02,3416.0,10
703,09:30:02,3416.0,2
704,09:30:02,3416.0,39
705,09:30:02,3416.0,94
706,09:30:02,3416.0,10
707,09:30:02,3416.0,3
708,09:30:02,3416.0,1
709,09:30:02,3416.0,1
710,09:30:02,3416.0,1
711,09:30:02,3416.0,2
712,09:30:02,3416.0,1
713,09:30:02,3416.0,6
714,09:30:02,3416.0,3
715,09:30:02,3416.0,1
716,09:30:02,3416.0,1
717,09:30:02,3416.0,4
718,09:30:02,3416.0,1
719,09:30:02,3416.0,1
720,09:30:02,3416.0,13
721,09:30:02,3416.0,45
722,09:30:02,3416.0,1
723,09:30:02,3416.0,5
724,09:30:02,3416.0,2
725,09:30:02,3416.0,12
726,09:30:02,3416.0,3
727,09:30:02,3416.0,14
728,09:30:02,3416.0,14
729,09:30:02,3416.0,8
730,09:30:02,3416.0,43
731,09:30:02,3416.0,2
732,09:30:02,3416.0,4
733,09:30:02,3416.0,1
734,09:30:02,3416.0,4
735,09:30:02,3416.0,1
736,09:30:02,3416.0,3
737,09:30:02,3416.0,3
738,09:30:02,3416.0,1
739,09:30:02,3416.0,25
740,09:30:02,3416.0,55
741,09:30:02,3416.0,3
742,09:30:02,3416.0,1
743,09:30:02,3416.0,2
744,09:30:02,3416.0,1
745,09:30:02,3416.0,5
746,09:30:02,3416.0,1
747,09:30:02,3416.0,5
748,09:30:02,3416.0,1
749,09:30:02,3416.0,1
750,09:30:02,3416.0,2
751,09:30:02,3416.0,1
752,09:30:02,3416.0,3
753,09:30:02,3416.0,1
754,09:30:02,3416.0,1
755,09:30:02,3416.0,2
756,09:30:02,3416.0,1
757,09:30:02,3416.0,1
758,09:30:02,3416.0,1
759,09:30:02,3416.0,1
760,09:30:02,3416.0,3
761,09:30:02,3416.0,10
762,09:30:02,3416.0,1
763,09:30:02,3416.0,1
764,09:30:02,3416.0,20
765,09:30:02,3416.0,1
766,09:30:02,3416.0,1
767,09:30:02,3416.0,1
768,09:30:02,3416.0,5
769,09:30:02,3416.0,1
770,09:30:02,3416.0,12
771,09:30:02,3416.0,3
772,09:30:02,3416.0,1
773,09:30:02,3416.0,1
774,09:30:02,3416.0,1
775,09:30:02,3416.0,1
776,09:30:02,3416.0,1
777,09:30:02,3416.0,2
778,09:30:02,3416.0,1
779,09:30:02,3416.0,2
780,09:30:02,3416.0,5
781,09:30:02,3416.0,7
782,09:30:02,3416.0,29
783,09:30:02,3416.0,1
784,09:30:02,3416.0,4
785,09:30:02,3416.0,2
786,09:30:02,3416.0,1
787,09:30:02,3416.0,16
788,09:30:02,3416.0,2
789,09:30:02,3416.0,30
790,09:30:02,3416.0,2
791,09:30:02,3416.0,1
792,09:30:02,3416.0,88
793,09:30:02,3416.0,1
794,09:30:02,3416.0,1
795,09:30:02,3416.0,2
796,09:30:02,3416.0,3
797,09:30:02,3416.0,5
798,09:30:02,3416.0,3
799,09:30:02,3416.0,1
800,09:30:02,3416.0,1
801,09:30:02,3416.0,1
802,09:30:02,3416.0,1
803,09:30:02,3416.0,2
804,09:30:02,3416.0,1
805,09:30:02,3416.0,1
806,09:30:02,3416.0,50
807,09:30:02,3416.0,1
808,09:30:02,3416.0,1
809,09:30:02,3416.0,2
810,09:30:02,3416.0,1
811,09:30:02,3416.0,1
812,09:30:02,3416.0,1
813,09:30:02,3416.0,5
814,09:30:02,3416.0,5
815,09:30:02,3416.0,10
816,09:30:02,3416.0,70
817,09:30:02,3416.0,2
818,09:30:02,3416.0,1
819,09:30:02,3416.0,3
820,09:30:02,3416.0,1
821,09:30:02,3416.0,3
822,09:30:02,3416.0,1
823,09:30:02,3416.0,30
824,09:30:02,3416.0,1
825,09:30:02,3416.0,1
826,09:30:02,3416.0,2
827,09:30:02,3416.0,1
828,09:30:02,3416.0,10
829,09:30:02,3416.0,1
830,09:30:02,3416.0,10
831,09:30:02,3416.0,1
832,09:30:02,3416.0,7
833,09:30:02,3416.0,1
834,09:30:02,3416.0,5
835,09:30:02,3416.0,10
836,09:30:02,3416.0,1
837,09:30:02,3416.0,5
838,09:30:02,3416.0,1
839,09:30:02,3416.0,5
840,09:30:02,3416.0,15
841,09:30:02,3416.0,1
842,09:30:02,3416.0,1
843,09:30:02,3416.0,1
844,09:30:02,3416.0,4
845,09:30:02,3416.0,1
846,09:30:02,3416.0,2
847,09:30:02,3416.0,1
848,09:30:02,3416.0,2
849,09:30:02,3416.0,1
850,09:30:02,3416.0,1
851,09:30:02,3416.0,1
852,09:30:02,3416.0,1
853,09:30:02,3416.0,2
854,09:30:02,3416.0,1
855,09:30:02,3416.0,3
856,09:30:02,3416.0,3
857,09:30:02,3416.0,2
858,09:30:02,3416.0,1
859,09:30:02,3416.0,1
860,09:30:02,3416.0,1
861,09:30:02,3416.0,1
862,09:30:02,3416.0,1
863,09:30:02,3416.0,1
864,09:30:02,3416.0,8
865,09:30:02,3416.0,1
866,09:30:02,3416.0,5
867,09:30:02,3416.0,20
868,09:30:02,3416.0,6
869,09:30:02,3416.0,1
870,09:30:02,3416.0,48
871,09:30:02,3416.0,6
872,09:30:02,3416.0,4
873,09:30:02,3416.0,4
874,09:30:02,3416.0,1
875,09:30:02,3416.0,9
876,09:30:02,3416.0,2
877,09:30:02,3416.0,1
878,09:30:02,3416.0,3
879,09:30:02,3416.0,1
880,09:30:02,3416.0,2
881,09:30:02,3416.0,250
882,09:30:02,3416.0,10
883,09:30:02,3416.0,10
884,09:30:02,3416.0,1
885,09:30:02,3416.0,1
886,09:30:02,3416.0,1
887,09:30:02,3416.0,2
888,09:30:02,3416.0,1
889,09:30:02,3416.0,3
890,09:30:02,3416.0,1
891,09:30:02,3416.0,1
892,09:30:02,3416.0,2
893,09:30:02,3416.0,25
894,09:30:02,3416.0,1
895,09:30:02,3416.0,1
896,09:30:02,3416.0,2
897,09:30:02,3416.0,2
898,09:30:02,3416.0,1
899,09:30:02,3416.0,2
900,09:30:02,3416.0,53
901,09:30:02,3416.0,1
902,09:30:02,3416.0,15
903,09:30:02,3416.0,3
904,09:30:02,3416.0,1
905,09:30:02,3416.0,1
906,09:30:02,3416.0,48
907,09:30:02,3416.0,1
908,09:30:02,3416.0,5
909,09:30:02,3416.0,2
910,09:30:02,3416.0,1
911,09:30:02,3416.0,4
912,09:30:02,3416.0,2
913,09:30:02,3416.0,1
914,09:30:02,3416.0,5
915,09:30:02,3416.0,1
916,09:30:02,3416.0,1
917,09:30:02,3416.0,1
918,09:30:02,3416.0,10
919,09:30:02,3416.0,1
920,09:30:02,3416.0,2
921,09:30:02,3416.0,1
922,09:30:02,3416.0,6
923,09:30:02,3416.0,1
924,09:30:02,3416.0,4
925,09:30:02,3416.0,4
926,09:30:02,3416.0,3
927,09:30:02,3416.0,1
928,09:30:02,3416.0,1
929,09:30:02,3416.0,1
930,09:30:02,3416.0,1
931,09:30:02,3416.0,1
932,09:30:02,3416.0,1
933,09:30:02,3416.0,3
934,09:30:02,3416.0,1
935,09:30:02,3416.0,3
936,09:30:02,3416.0,2
937,09:30:02,3416.0,10
938,09:30:02,3416.0,2
939,09:30:02,3416.0,3
940,09:30:02,3416.0,1
941,09:30:02,3416.0,3
942,09:30:02,3416.0,3
943,09:30:02,3416.0,1
944,09:30:02,3416.0,1
945,09:30:02,3416.0,3
946,09:30:02,3416.0,5
947,09:30:02,3416.0,5
948,09:30:02,3416.0,1
949,09:30:02,3416.0,2
950,09:30:02,3416.0,2
951,09:30:02,3416.0,1
952,09:30:02,3416.0,3
953,09:30:02,3416.0,2
954,09:30:02,3416.0,2
955,09:30:02,3416.0,1
956,09:30:02,3416.0,1
957,09:30:02,3416.0,1
958,09:30:02,3416.0,50
959,09:30:02,3416.0,5
960,09:30:02,3416.0,1
961,09:30:02,3416.0,2
962,09:30:02,3416.0,2
963,09:30:02,3416.0,2
964,09:30:02,3416.0,3
965,09:30:02,3416.0,2
966,09:30:02,3416.0,1
967,09:30:02,3416.0,3
968,09:30:02,3416.0,1
969,09:30:02,3416.0,5
970,09:30:02,3416.0,6
971,09:30:02,3416.0,3
972,09:30:02,3416.0,1
973,09:30:02,3416.0,9
974,09:30:02,3416.0,2
975,09:30:02,3416.0,2
976,09:30:02,3416.0,2
977,09:30:02,3416.0,1
978,09:30:02,3416.0,200
979,09:30:02,3416.0,3
980,09:30:02,3416.0,1
981,09:30:02,3416.0,5
982,09:30:02,3416.0,1
983,09:30:02,3416.0,1
984,09:30:02,3416.0,3
985,09:30:02,3416.0,4
986,09:30:02,3416.0,10
987,09:30:02,3416.0,1
988,09:30:02,3416.0,2
989,09:30:02,3416.0,5
990,09:30:02,3416.0,1
991,09:30:02,3416.0,7
992,09:30:02,3416.0,1
993,09:30:02,3416.0,1
994,09:30:02,3416.0,1
995,09:30:02,3416.0,1
996,09:30:02,3416.0,100
997,09:30:02,3416.0,2
998,09:30:02,3416.0,10
999,09:30:02,3416.0,5
1000,09:30:02,3416.0,1
1001,09:30:02,3416.0,1
1002,09:30:02,3416.0,44
1003,09:30:02,3416.0,6
1004,09:30:02,3416.0,3
1005,09:30:02,3416.0,3
1006,09:30:02,3416.0,75
1007,09:30:02,3416.0,1
1008,09:30:02,3416.0,1
1009,09:30:02,3416.0,2
1010,09:30:02,3416.0,5
1011,09:30:02,3416.0,1
1012,09:30:02,3416.0,2
1013,09:30:02,3416.0,2
1014,09:30:02,3416.0,10
1015,09:30:02,3416.0,1
1016,09:30:02,3416.0,9
1017,09:30:02,3416.0,16
1018,09:30:02,3416.0,1
1019,09:30:02,3416.0,1
1020,09:30:02,3416.0,3
1021,09:30:02,3416.0,1
1022,09:30:02,3416.0,3
1023,09:30:02,3416.0,1
1024,09:30:02,3416.0,3
1025,09:30:02,3416.0,1
1026,09:30:02,3416.0,2
1027,09:30:02,3416.0,45
1028,09:30:02,3416.0,2
1029,09:30:02,3416.0,1
1030,09:30:02,3416.0,1
1031,09:30:02,3416.0,6
1032,09:30:02,3416.0,2
1033,09:30:02,3416.0,5
1034,09:30:02,3416.0,5
1035,09:30:02,3416.0,16
1036,09:30:02,3416.0,1
1037,09:30:02,3416.0,1
1038,09:30:02,3416.0,12
1039,09:30:02,3416.0,3
1040,09:30:02,3416.0,1
1041,09:30:02,3416.0,10
1042,09:30:02,3416.0,3
1043,09:30:02,3416.0,1
1044,09:30:02,3416.0,1
1045,09:30:02,3416.0,1
1046,09:30:02,3416.0,3
1047,09:30:02,3416.0,1
1048,09:30:02,3416.0,2
1049,09:30:02,3416.0,26
1050,09:30:02,3416.0,3
1051,09:30:02,3416.0,1
1052,09:30:02,3416.0,4
1053,09:30:02,3416.0,3
1054,09:30:02,3416.0,1
1055,09:30:02,3416.0,9
1056,09:30:02,3416.0,30
1057,09:30:02,3416.0,14
1058,09:30:02,3416.0,1
1059,09:30:02,3416.0,2
1060,09:30:02,3416.0,4
1061,09:30:02,3416.0,1
1062,09:30:02,3416.0,3
1063,09:30:02,3416.0,6
1064,09:30:02,3416.0,5
1065,09:30:02,3416.0,2
1066,09:30:02,3416.0,1
1067,09:30:02,3416.0,3
1068,09:30:02,3416.0,3
1069,09:30:02,3416.0,1
1070,09:30:02,3416.0,410
1071,09:30:02,3416.0,4
1072,09:30:02,3416.0,25
1073,09:30:02,3416.0,3
1074,09:30:02,3416.0,1
1075,09:30:02,3416.0,5
1076,09:30:02,3416.0,3
1077,09:30:02,3416.0,10
1078,09:30:02,3416.0,2
1079,09:30:02,3416.0,3
1080,09:30:02,3416.0,1
1081,09:30:02,3416.0,3
1082,09:30:02,3416.0,2
1083,09:30:02,3416.0,3
1084,09:30:02,3416.0,3
1085,09:30:02,3416.0,8
1086,09:30:02,3416.0,10
1087,09:30:02,3416.0,2
1088,09:30:02,3416.0,7
1089,09:30:02,3416.0,3
1090,09:30:02,3416.0,1
1091,09:30:02,3416.0,7
1092,09:30:02,3416.0,4
1093,09:30:02,3416.0,5
1094,09:30:02,3416.0,2
1095,09:30:02,3416.0,12
1096,09:30:02,3416.0,6
1097,09:30:02,3416.0,1
1098,09:30:02,3416.0,3
1099,09:30:02,3416.0,9
1100,09:30:02,3416.0,25
1101,09:30:02,3416.0,1
1102,09:30:02,3416.0,1
1103,09:30:02,3416.0,100
1104,09:30:02,3416.0,15
1105,09:30:02,3416.0,12
1106,09:30:02,3416.0,1
1107,09:30:02,3416.0,1
1108,09:30:02,3416.0,1
1109,09:30:02,3416.0,30
1110,09:30:02,3416.0,1
1111,09:30:02,3416.0,2
1112,09:30:02,3416.0,1
1113,09:30:02,3416.0,3
1114,09:30:02,3416.0,2
1115,09:30:02,3416.0,1
1116,09:30:02,3416.0,2
1117,09:30:02,3416.0,2
1118,09:30:02,3416.0,5
1119,09:30:02,3416.0,1
1120,09:30:02,3416.0,1
1121,09:30:02,3416.0,1
1122,09:30:02,3416.0,1
1123,09:30:02,3416.0,12
1124,09:30:02,3416.0,2
1125,09:30:02,3416.0,50
1126,09:30:02,3416.0,25
1127,09:30:02,3416.0,1
1128,09:30:02,3416.0,1
1129,09:30:02,3416.0,2
1130,09:30:02,3416.0,8
1131,09:30:02,3416.0,1
1132,09:30:02,3416.0,1
1133,09:30:02,3416.0,2
1134,09:30:02,3416.0,2
1135,09:30:02,3416.0,2
1136,09:30:02,3416.0,30
1137,09:30:02,3416.0,1
1138,09:30:02,3416.0,1
1139,09:30:02,3416.0,1
1140,09:30:02,3416.0,1
1141,09:30:02,3416.0,1
1142,09:30:02,3416.0,1
1143,09:30:02,3416.0,4
1144,09:30:02,3416.0,10
1145,09:30:02,3416.0,3
1146,09:30:02,3416.0,1
1147,09:30:02,3416.0,1
1148,09:30:02,3416.0,10
1149,09:30:02,3416.0,280
1150,09:30:02,3416.0,10
1151,09:30:02,3416.0,1
1152,09:30:02,3416.0,3
1153,09:30:02,3416.0,1
1154,09:30:02,3416.0,10
1155,09:30:02,3416.0,1
1156,09:30:02,3416.0,4
1157,09:30:02,3416.0,1
1158,09:30:02,3416.0,9
1159,09:30:02,3416.0,6
1160,09:30:02,3416.0,1
1161,09:30:02,3416.0,7
1162,09:30:02,3416.0,2
1163,09:30:02,3416.0,49
1164,09:30:02,3416.0,1
1165,09:30:02,3416.0,1
1166,09:30:02,3416.0,3
1167,09:30:02,3416.0,10
1168,09:30:02,3416.0,11
1169,09:30:02,3416.0,1
1170,09:30:02,3416.0,2
1171,09:30:02,3416.0,2
1172,09:30:02,3416.0,3
1173,09:30:02,3416.0,1
1174,09:30:02,3416.0,1
1175,09:30:02,3416.0,30
1176,09:30:02,3416.0,1
1177,09:30:02,3416.0,1
1178,09:30:02,3416.0,1
1179,09:30:02,3416.0,4
1180,09:30:02,3416.0,1
1181,09:30:02,3416.0,15
1182,09:30:02,3416.0,2
1183,09:30:02,3416.0,6
1184,09:30:02,3416.0,8
1185,09:30:02,3416.0,1
1186,09:30:02,3416.0,5
1187,09:30:02,3416.0,10
1188,09:30:02,3416.0,1
1189,09:30:02,3416.0,1
1190,09:30:02,3416.0,1
1191,09:30:02,3416.0,1
1192,09:30:02,3416.0,6
1193,09:30:02,3416.0,3
1194,09:30:02,3416.0,12
1195,09:30:02,3416.0,7
1196,09:30:02,3416.0,4
1197,09:30:02,3416.0,44
1198,09:30:02,3416.0,1
1199,09:30:02,3416.0,1
1200,09:30:02,3416.0,1
1201,09:30:02,3416.0,1
1202,09:30:02,3416.0,24
1203,09:30:02,3416.0,8
1204,09:30:02,3416.0,2
1205,09:30:02,3416.0,7
1206,09:30:02,3416.0,2
1207,09:30:02,3416.0,1
1208,09:30:02,3416.0,9
1209,09:30:02,3416.0,11
1210,09:30:02,3416.0,2
1211,09:30:02,3416.0,1
1212,09:30:02,3416.0,5
1213,09:30:02,3416.0,1
1214,09:30:02,3416.0,5
1215,09:30:02,3416.0,1
1216,09:30:02,3416.0,1
1217,09:30:02,3416.0,10
1218,09:30:02,3416.0,300
1219,09:30:02,3416.0,2
1220,09:30:02,3416.0,25
1221,09:30:02,3416.0,2
1222,09:30:02,3416.0,3
1223,09:30:02,3416.0,2
1224,09:30:02,3416.0,1
1225,09:30:02,3416.0,5
1226,09:30:02,3416.0,6
1227,09:30:02,3416.0,2
1228,09:30:02,3416.0,1
1229,09:30:02,3416.0,80
1230,09:30:02,3416.0,3
1231,09:30:02,3416.0,1
1232,09:30:02,3416.0,1
1233,09:30:02,3416.0,2
1234,09:30:02,3416.0,1
1235,09:30:02,3416.0,1
1236,09:30:02,3416.0,3
1237,09:30:02,3416.0,1
1238,09:30:02,3416.0,1
1239,09:30:02,3416.0,1
1240,09:30:02,3416.0,10
1241,09:30:02,3416.0,2
1242,09:30:02,3416.0,1
1243,09:30:02,3416.0,1
1244,09:30:02,3416.0,1
1245,09:30:02,3416.0,1
1246,09:30:02,3416.0,10
1247,09:30:02,3416.0,1
1248,09:30:02,3416.0,15
1249,09:30:02,3416.0,3
1250,09:30:02,3416.0,1
1251,09:30:02,3416.0,5
1252,09:30:02,3416.0,1
1253,09:30:02,3416.0,1
1254,09:30:02,3416.0,4
1255,09:30:02,3416.0,4
1256,09:30:02,3416.0,6
1257,09:30:02,3416.0,5
1258,09:30:02,3416.0,1
1259,09:30:02,3416.0,2
1260,09:30:02,3416.0,2
1261,09:30:02,3416.0,5
1262,09:30:02,3416.0,1
1263,09:30:02,3416.0,1
1264,09:30:02,3416.0,3
1265,09:30:02,3416.0,1
1266,09:30:02,3416.0,1
1267,09:30:02,3416.0,1
1268,09:30:02,3416.0,3
1269,09:30:02,3416.0,10
1270,09:30:02,3416.0,38
1271,09:30:02,3416.0,1
1272,09:30:02,3416.0,3
1273,09:30:02,3416.0,4
1274,09:30:02,3416.0,1
1275,09:30:02,3416.0,1
1276,09:30:02,3416.0,3
1277,09:30:02,3416.0,1
1278,09:30:02,3416.0,1
1279,09:30:02,3416.0,4
1280,09:30:02,3416.0,1
1281,09:30:02,3416.0,1
1282,09:30:02,3416.0,1
1283,09:30:02,3416.0,1
1284,09:30:02,3416.0,1
1285,09:30:02,3416.0,1
1286,09:30:02,3416.0,7
1287,09:30:02,3416.0,15
1288,09:30:02,3416.0,3
1289,09:30:02,3416.0,1
1290,09:30:02,3416.0,1
1291,09:30:02,3416.0,6
1292,09:30:02,3416.0,3
1293,09:30:02,3416.0,3
1294,09:30:02,3416.0,5
1295,09:30:02,3416.0,1
1296,09:30:02,3416.0,3
1297,09:30:02,3416.0,1
1298,09:30:02,3416.0,10
1299,09:30:02,3416.0,2
1300,09:30:02,3416.0,1
1301,09:30:02,3416.0,1
1302,09:30:02,3416.0,1
1303,09:30:02,3416.0,9
1304,09:30:02,3416.0,1
1305,09:30:02,3416.0,1
1306,09:30:02,3416.0,1
1307,09:30:02,3416.0,1
1308,09:30:02,3416.0,1
1309,09:30:02,3416.0,2
1310,09:30:02,3416.0,2
1311,09:30:02,3416.0,1
1312,09:30:02,3416.0,10
1313,09:30:02,3416.0,1
1314,09:30:02,3416.0,4
1315,09:30:02,3416.0,1
1316,09:30:02,3416.0,100
1317,09:30:02,3416.0,2
1318,09:30:02,3416.0,1
1319,09:30:02,3416.0,1
1320,09:30:02,3416.0,1
1321,09:30:02,3416.0,5
1322,09:30:02,3416.0,1
1323,09:30:02,3416.0,1
1324,09:30:02,3416.0,1
1325,09:30:02,3416.0,2
1326,09:30:02,3416.0,11
1327,09:30:02,3416.0,4
1328,09:30:02,3416.0,3
1329,09:30:02,3416.0,2
1330,09:30:02,3416.0,1
1331,09:30:02,3416.0,3
1332,09:30:02,3416.0,1
1333,09:30:02,3416.0,4
1334,09:30:02,3416.0,1
1335,09:30:02,3416.0,3
1336,09:30:02,3416.0,1
1337,09:30:02,3416.0,4
1338,09:30:02,3416.0,4
1339,09:30:02,3416.0,10
1340,09:30:02,3416.0,1
1341,09:30:02,3416.0,2
1342,09:30:02,3416.0,1
1343,09:30:02,3416.0,2
1344,09:30:02,3416.0,1
1345,09:30:02,3416.0,2
1346,09:30:02,3416.0,2
1347,09:30:02,3416.0,1
1348,09:30:02,3416.0,2
1349,09:30:02,3416.0,2
1350,09:30:02,3416.0,18
1351,09:30:02,3416.0,1
1352,09:30:02,3416.0,2
1353,09:30:02,3416.0,2
1354,09:30:02,3416.0,2
1355,09:30:02,3416.0,2
1356,09:30:02,3416.0,5
1357,09:30:02,3416.0,3
1358,09:30:02,3416.0,2
1359,09:30:02,3416.0,2
1360,09:30:02,3416.0,5
1361,09:30:02,3416.0,1
1362,09:30:02,3416.0,10
1363,09:30:02,3416.0,3
1364,09:30:02,3416.0,5
1365,09:30:02,3416.0,1
1366,09:30:02,3416.0,1
1367,09:30:02,3416.0,3
1368,09:30:02,3416.0,10
1369,09:30:02,3416.0,2
1370,09:30:02,3416.0,5
1371,09:30:02,3416.0,20
1372,09:30:02,3416.0,1
1373,09:30:02,3416.0,3
1374,09:30:02,3416.0,2
1375,09:30:02,3416.0,10
1376,09:30:02,3416.0,2
1377,09:30:02,3416.0,1
1378,09:30:02,3416.0,1
1379,09:30:02,3416.0,3
1380,09:30:02,3416.0,5
1381,09:30:02,3416.0,1
1382,09:30:02,3416.0,4
1383,09:30:02,3416.0,4
1384,09:30:02,3416.0,1
1385,09:30:02,3416.0,1
1386,09:30:02,3416.0,1
1387,09:30:02,3416.0,3
1388,09:30:02,3416.0,2
1389,09:30:02,3416.0,1
1390,09:30:02,3416.0,3
1391,09:30:02,3416.0,16
1392,09:30:02,3416.0,1
1393,09:30:02,3416.0,1
1394,09:30:02,3416.0,1
1395,09:30:02,3416.0,1
1396,09:30:02,3416.0,1
1397,09:30:02,3416.0,1
1398,09:30:02,3416.0,1
1399,09:30:02,3416.0,8457
1400,09:30:02,3416.0,1
1401,09:30:02,3416.0,1
1402,09:30:02,3416.0,1
1403,09:30:02,3416.0,5
1404,09:30:02,3416.0,1
1405,09:30:02,3416.0,1
1406,09:30:02,3416.0,2
1407,09:30:02,3416.0,1
1408,09:30:02,3416.0,1
1409,09:30:02,3416.0,1
1410,09:30:02,3416.0,1
1411,09:30:02,3416.0,2
1412,09:30:02,3416.0,1
1413,09:30:02,3416.0,2
1414,09:30:02,3416.0,1
1415,09:30:02,3416.0,1
1416,09:30:02,3416.0,2
1417,09:30:02,3416.0,1
1418,09:30:02,3416.0,1
1419,09:30:02,3416.0,1
1420,09:30:02,3416.0,2
1421,09:30:02,3416.0,2
1422,09:30:02,3416.0,1
1423,09:30:02,3416.0,8
1424,09:30:02,3416.0,1
1425,09:30:02,3416.0,2
1426,09:30:02,3416.0,3
1427,09:30:02,3416.0,1
1428,09:30:02,3416.0,1
1429,09:30:02,3416.0,5
1430,09:30:02,3416.0,1
1431,09:30:02,3416.0,1
1432,09:30:02,3416.0,1
1433,09:30:02,3416.0,1
1434,09:30:02,3416.0,3
1435,09:30:02,3416.0,1
1436,09:30:02,3416.0,1
1437,09:30:02,3416.0,2
1438,09:30:02,3416.0,4
1439,09:30:02,3416.0,10
1440,09:30:02,3416.0,4
1441,09:30:02,3416.0,1
1442,09:30:02,3416.0,175
1443,09:30:02,3416.0,1
1444,09:30:02,3416.0,2
1445,09:30:02,3416.0,50
1446,09:30:02,3416.0,1
1447,09:30:02,3416.0,50
1448,09:30:02,3416.0,2
1449,09:30:02,3416.0,2
1450,09:30:02,3416.0,3
1451,09:30:02,3416.0,1
1452,09:30:02,3416.0,43
1453,09:30:02,3416.0,7
1454,09:30:02,3416.0,7
1455,09:30:02,3416.0,10
1456,09:30:02,3416.0,2
1457,09:30:02,3416.0,1
1458,09:30:02,3416.0,3
1459,09:30:02,3416.0,8
1460,09:30:02,3416.0,3
1461,09:30:02,3416.0,1
1462,09:30:02,3416.0,1
1463,09:30:02,3416.0,5
1464,09:30:02,3416.0,4
1465,09:30:02,3416.0,2
1466,09:30:02,3416.0,2
1467,09:30:02,3416.0,1
1468,09:30:02,3416.0,25
1469,09:30:02,3416.0,14
1470,09:30:02,3416.0,2
1471,09:30:02,3416.0,2
1472,09:30:02,3416.0,40
1473,09:30:02,3416.0,1
1474,09:30:02,3416.0,5
1475,09:30:02,3416.0,5
1476,09:30:02,3416.0,30
1477,09:30:02,3416.0,1
1478,09:30:02,3416.0,1
1479,09:30:02,3416.0,30
1480,09:30:02,3416.0,1
1481,09:30:02,3416.0,1
1482,09:30:02,3416.0,2
1483,09:30:02,3416.0,3
1484,09:30:02,3416.0,3
1485,09:30:02,3416.0,5
1486,09:30:02,3416.0,9
1487,09:30:02,3416.0,5
1488,09:30:02,3416.0,3
1489,09:30:02,3416.0,4
1490,09:30:02,3416.0,2
1491,09:30:02,3416.0,1
1492,09:30:02,3416.0,2
1493,09:30:02,3416.0,3
1494,09:30:02,3416.0,1
1495,09:30:02,3416.0,10
1496,09:30:02,3416.0,2
1497,09:30:02,3416.0,2
1498,09:30:02,3416.0,23
1499,09:30:02,3416.0,7
1500,09:30:02,3416.0,2
1501,09:30:02,3416.0,7
1502,09:30:02,3416.0,2
1503,09:30:02,3416.0,5
1504,09:30:02,3416.0,5
1505,09:30:02,3416.0,10
1506,09:30:02,3416.0,1
1507,09:30:02,3416.0,55
1508,09:30:02,3416.0,4
1509,09:30:02,3416.0,1
1510,09:30:02,3416.0,4
1511,09:30:02,3416.0,2
1512,09:30:02,3416.0,3
1513,09:30:02,3416.0,81
1514,09:30:02,3416.0,81
1515,09:30:02,3416.0,1
1516,09:30:02,3416.0,81
1517,09:30:02,3416.0,81
1518,09:30:02,3416.0,3
1519,09:30:02,3416.0,1
1520,09:30:02,3416.0,1
1521,09:30:02,3416.0,1
1522,09:30:02,3416.0,2
1523,09:30:02,3416.0,1
1524,09:30:02,3416.0,81
1525,09:30:02,3416.0,81
1526,09:30:02,3416.0,81
1527,09:30:02,3416.0,5
1528,09:30:02,3416.0,1
1529,09:30:02,3416.0,1
1530,09:30:02,3416.0,1
1531,09:30:02,3416.0,7
1532,09:30:02,3416.0,5
1533,09:30:02,3416.0,3
1534,09:30:02,3416.0,81
1535,09:30:02,3416.0,81
1536,09:30:02,3416.0,174
1537,09:30:02,3416.0,190
1538,09:30:02,3416.0,6
1539,09:30:02,3416.0,81
1540,09:30:02,3416.0,1
1541,09:30:02,3416.0,81
1542,09:30:02,3416.0,10
1543,09:30:02,3416.0,81
1544,09:30:02,3416.0,81
1545,09:30:02,3416.0,81
1546,09:30:02,3416.0,1
1547,09:30:02,3416.0,1
1548,09:30:02,3416.0,15
1549,09:30:02,3416.0,5
1550,09:30:02,3416.0,1
1551,09:30:02,3416.0,10
1552,09:30:02,3416.0,10
1553,09:30:02,3416.0,2
1554,09:30:02,3416.0,5
1555,09:30:02,3416.0,10
1556,09:30:02,3416.0,1
1557,09:30:02,3416.0,2
1558,09:30:02,3416.0,1
1559,09:30:02,3416.0,40
1560,09:30:02,3416.0,1
1561,09:30:02,3416.0,4
1562,09:30:02,3416.0,1
1563,09:30:02,3416.0,2
1564,09:30:02,3416.0,1
1565,09:30:02,3416.0,81
1566,09:30:02,3416.0,41
1567,09:30:02,3416.0,1
1568,09:30:02,3416.0,40
1569,09:30:02,3416.0,41
1570,09:30:02,3416.0,40
1571,09:30:02,3416.0,41
1572,09:30:02,3416.0,40
1573,09:30:02,3416.0,41
1574,09:30:02,3416.0,40
1575,09:30:02,3416.0,41
1576,09:30:02,3416.0,40
1577,09:30:02,3416.0,2
1578,09:30:02,3416.0,1
1579,09:30:02,3416.0,1
1580,09:30:02,3416.0,1
1581,09:30:02,3416.0,3
1582,09:30:02,3416.0,1
1583,09:30:02,3416.0,10
1584,09:30:02,3416.0,50
1585,09:30:02,3416.0,5
1586,09:30:02,3416.0,1
1587,09:30:02,3416.0,1
1588,09:30:02,3416.0,300
1589,09:30:02,3416.0,20
1590,09:30:02,3416.0,15
1591,09:30:02,3416.0,100
1592,09:30:02,3416.0,50
1593,09:30:02,3416.0,100
1594,09:30:02,3416.0,50
1595,09:30:02,3416.0,50
1596,09:30:02,3416.0,50
1597,09:30:02,3416.0,50
1598,09:30:02,3416.0,50
1599,09:30:02,3416.0,50
1600,09:30:02,3416.0,50
1601,09:30:02,3416.0,50
1602,09:30:02,3416.0,50
1603,09:30:02,3416.0,50
1604,09:30:02,3416.0,10
1605,09:30:02,3416.0,3
1606,09:30:02,3416.0,1
1607,09:30:02,3416.0,9
1608,09:30:02,3416.0,4
1609,09:30:02,3416.0,1
1610,09:30:02,3416.0,1
1611,09:30:02,3416.0,2
1612,09:30:02,3416.0,1
1613,09:30:02,3416.0,1
1614,09:30:02,3416.0,2
1615,09:30:02,3416.0,20
1616,09:30:02,3416.0,3
1617,09:30:02,3416.0,5
1618,09:30:02,3416.0,10
1619,09:30:02,3416.0,10
1620,09:30:02,3416.0,10
1621,09:30:02,3416.0,2
1622,09:30:02,3416.0,1
1623,09:30:02,3416.0,19
1624,09:30:02,3416.0,1
1625,09:30:02,3416.0,1
1626,09:30:02,3416.0,4
1627,09:30:02,3416.0,4
1628,09:30:02,3416.0,3
1629,09:30:02,3416.0,4
1630,09:30:02,3416.0,2
1631,09:30:02,3416.0,1
1632,09:30:02,3416.0,1
1633,09:30:02,3416.0,292
1634,09:30:02,3416.0,1
1635,09:30:02,3416.0,2
1636,09:30:02,3416.0,3
1637,09:30:02,3416.0,1
1638,09:30:02,3416.0,4
1639,09:30:02,3416.0,1
1640,09:30:02,3416.0,3
1641,09:30:02,3416.0,1
1642,09:30:02,3416.0,1
1643,09:30:02,3416.0,100
1644,09:30:02,3416.0,1
1645,09:30:02,3416.0,5
1646,09:30:02,3416.0,7
1647,09:30:02,3416.0,10
1648,09:30:02,3416.0,3
1649,09:30:02,3416.0,1
1650,09:30:02,3416.0,3
1651,09:30:02,3416.0,1
1652,09:30:02,3416.0,3
1653,09:30:02,3416.0,3
1654,09:30:02,3416.0,2
1655,09:30:02,3416.0,1
1656,09:30:02,3416.0,200
1657,09:30:02,3416.0,1
1658,09:30:02,3416.0,1
1659,09:30:02,3416.0,1
1660,09:30:02,3416.0,417
1661,09:30:02,3416.0,1
1662,09:30:02,3416.0,1
1663,09:30:02,3416.0,1
1664,09:30:02,3416.0,1
1665,09:30:02,3416.0,1
1666,09:30:02,3416.0,8
1667,09:30:02,3416.0,1
1668,09:30:02,3416.0,10
1669,09:30:02,3416.0,3
1670,09:30:02,3416.0,2
1671,09:30:02,3416.0,4
1672,09:30:02,3416.0,3
1673,09:30:02,3416.0,1
1674,09:30:02,3416.0,1
1675,09:30:02,3416.0,1
1676,09:30:02,3416.0,1
1677,09:30:02,3416.0,1
1678,09:30:02,3416.0,1
1679,09:30:02,3416.0,1
1680,09:30:02,3416.0,2
1681,09:30:02,3416.0,1
1682,09:30:02,3416.0,1
1683,09:30:02,3416.0,1
1684,09:30:02,3416.0,1
1685,09:30:02,3416.0,3
1686,09:30:02,3416.0,1
1687,09:30:02,3416.0,1
1688,09:30:02,3416.0,1
1689,09:30:02,3416.0,5
1690,09:30:02,3416.0,3
1691,09:30:02,3416.0,1
1692,09:30:02,3416.0,1
1693,09:30:02,3416.0,1
1694,09:30:02,3416.0,1
1695,09:30:02,3416.0,3
1696,09:30:02,3416.0,15
1697,09:30:02,3416.0,1
1698,09:30:02,3416.0,1
1699,09:30:02,3416.0,1
1700,09:30:02,3416.0,1
1701,09:30:02,3416.0,2
1702,09:30:02,3416.0,1
1703,09:30:02,3416.0,1
1704,09:30:02,3416.0,2
1705,09:30:02,3416.0,2
1706,09:30:02,3416.0,1
1707,09:30:02,3416.0,4
1708,09:30:02,3416.0,1
1709,09:30:02,3416.0,1
1710,09:30:02,3416.0,1
1711,09:30:02,3416.0,1
1712,09:30:02,3416.0,13
1713,09:30:02,3416.0,5
1714,09:30:02,3416.0,9
1715,09:30:02,3416.0,3
1716,09:30:02,3416.0,2
1717,09:30:02,3416.0,14
1718,09:30:02,3416.0,5
1719,09:30:02,3416.0,1
1720,09:30:02,3416.0,1
1721,09:30:02,3416.0,2
1722,09:30:02,3416.0,6
1723,09:30:02,3416.0,1
1724,09:30:02,3416.0,1
1725,09:30:02,3416.0,1
1726,09:30:02,3416.0,5
1727,09:30:02,3416.0,1
1728,09:30:02,3416.0,1
1729,09:30:02,3416.0,16
1730,09:30:02,3416.0,2
1731,09:30:02,3416.0,1
1732,09:30:02,3416.0,7
1733,09:30:02,3416.0,5
1734,09:30:02,3416.0,5
1735,09:30:02,3416.0,11
1736,09:30:02,3416.0,3
1737,09:30:02,3416.0,2
1738,09:30:02,3416.0,1
1739,09:30:02,3416.0,1
1740,09:30:02,3416.0,1
1741,09:30:02,3416.0,1
1742,09:30:02,3416.0,3
1743,09:30:02,3416.0,3
1744,09:30:02,3416.0,1
1745,09:30:02,3416.0,4
1746,09:30:02,3416.0,2
1747,09:30:02,3416.0,7
1748,09:30:02,3416.0,35
1749,09:30:02,3416.0,2
1750,09:30:02,3416.0,1
1751,09:30:02,3416.0,1
1752,09:30:02,3416.0,1
1753,09:30:02,3416.0,1
1754,09:30:02,3416.0,1
1755,09:30:02,3416.0,1
1756,09:30:02,3416.0,22
1757,09:30:02,3416.0,1
1758,09:30:02,3416.0,56
1759,09:30:02,3416.0,5
1760,09:30:02,3416.0,2
1761,09:30:02,3416.0,9
1762,09:30:02,3416.0,3
1763,09:30:02,3416.0,4
1764,09:30:02,3416.0,9
1765,09:30:02,3416.0,10
1766,09:30:02,3416.0,30
1767,09:30:02,3416.0,5
1768,09:30:02,3416.0,50
1769,09:30:02,3416.0,1
1770,09:30:02,3416.0,11
1771,09:30:02,3416.0,245
1772,09:30:02,3416.0,39
1773,09:30:02,3416.0,5
1774,09:30:02,3416.0,156
1775,09:30:02,3416.0,100
1776,09:30:02,3416.0,160
1777,09:30:02,3416.0,2
1778,09:30:02,3416.0,100
1779,09:30:02,3416.0,3
1780,09:30:02,3416.0,1
1781,09:30:02,3416.0,6
1782,09:30:02,3416.0,10
1783,09:30:02,3416.0,34
1784,09:30:02,3416.0,27
1785,09:30:02,3416.0,35
1786,09:30:02,3416.0,18
1787,09:30:02,3416.0,14
1788,09:30:02,3416.0,200
1789,09:30:02,3416.0,39
1790,09:30:02,3416.0,224
1791,09:30:02,3416.0,44
1792,09:30:02,3416.0,14
1793,09:30:02,3416.0,3
1794,09:30:02,3416.0,5
1795,09:30:02,3416.0,3
1796,09:30:02,3416.0,2
1797,09:30:02,3416.0,18
1798,09:30:02,3416.0,4
1799,09:30:02,3416.0,3
1800,09:30:02,3416.0,5
1801,09:30:02,3416.0,7
1802,09:30:02,3416.0,29
1803,09:30:02,3416.0,8
1804,09:30:02,3416.0,4
1805,09:30:02,3416.0,193
1806,09:30:02,3416.0,8
1807,09:30:02,3416.0,128
1808,09:30:02,3416.0,28
1809,09:30:02,3416.0,4
1810,09:30:02,3416.0,38
1811,09:30:02,3416.0,12
1812,09:30:02,3416.0,1
1813,09:30:02,3416.0,1
1814,09:30:02,3416.0,47
1815,09:30:02,3416.0,176
1816,09:30:02,3416.0,1
1817,09:30:02,3416.0,1
1818,09:30:02,3416.0,85
1819,09:30:02,3416.0,4
1820,09:30:02,3416.0,256
1821,09:30:02,3416.0,30
1822,09:30:02,3416.0,7
1823,09:30:02,3416.0,353
1824,09:30:02,3416.0,5
1825,09:30:02,3416.0,2
1826,09:30:02,3416.0,2
1827,09:30:02,3416.0,2
1828,09:30:02,3416.0,9
1829,09:30:02,3416.0,1
1830,09:30:02,3416.0,3
1831,09:30:02,3416.0,10
1832,09:30:02,3416.0,2
1833,09:30:02,3416.0,16
1834,09:30:02,3416.0,1
1835,09:30:02,3416.0,1
1836,09:30:02,3416.0,10
1837,09:30:02,3416.0,10
1838,09:30:02,3416.0,9
1839,09:30:02,3416.0,4
1840,09:30:02,3416.0,9
1841,09:30:02,3416.0,5
1842,09:30:02,3416.0,5
1843,09:30:02,3416.0,1
1844,09:30:02,3416.0,5
1845,09:30:02,3416.0,12
1846,09:30:02,3416.0,214
1847,09:30:02,3416.0,1
1848,09:30:02,3416.0,1891
1849,09:30:02,3416.0,17
1850,09:30:02,3416.0,80
1851,09:30:02,3416.0,17
1852,09:30:02,3416.0,3
1853,09:30:02,3416.0,52
1854,09:30:02,3416.0,2
1855,09:30:02,3416.0,49
1856,09:30:02,3416.0,1
1857,09:30:02,3416.0,3
1858,09:30:02,3416.0,1
1859,09:30:02,3416.0,10
1860,09:30:02,3416.0,1
1861,09:30:02,3416.0,10
1862,09:30:02,3416.0,2
1863,09:30:02,3416.0,10
1864,09:30:02,3416.0,6
1865,09:30:02,3416.0,1
1866,09:30:02,3416.0,2
1867,09:30:02,3416.0,5
1868,09:30:02,3416.0,2
1869,09:30:02,3416.0,6
1870,09:30:02,3416.0,32
1871,09:30:02,3416.0,1
1872,09:30:02,3416.0,100
1873,09:30:02,3416.0,3
1874,09:30:02,3416.0,1
1875,09:30:02,3416.0,13
1876,09:30:02,3416.0,1
1877,09:30:02,3416.0,11
1878,09:30:02,3416.0,12
1879,09:30:02,3416.0,446
1880,09:30:02,3416.0,61
1881,09:30:02,3416.0,34
1882,09:30:02,3416.0,2
1883,09:30:02,3416.0,40
1884,09:30:02,3416.0,33
1885,09:30:02,3416.0,39
1886,09:30:02,3416.0,10
1887,09:30:02,3416.0,6
1888,09:30:02,3416.0,1
1889,09:30:02,3416.0,2
1890,09:30:02,3416.0,3
1891,09:30:02,3416.0,236
1892,09:30:02,3416.0,1
1893,09:30:02,3416.0,10
1894,09:30:02,3416.0,1
1895,09:30:02,3416.0,3
1896,09:30:02,3416.0,1
1897,09:30:02,3416.0,50
1898,09:30:02,3416.0,5
1899,09:30:02,3416.0,10
1900,09:30:02,3416.0,22
1901,09:30:02,3416.0,3
1902,09:30:02,3416.0,2
1903,09:30:02,3416.0,1
1904,09:30:02,3416.0,1
1905,09:30:02,3416.0,100
1906,09:30:02,3416.0,30
1907,09:30:02,3416.0,1
1908,09:30:02,3416.0,4
1909,09:30:02,3416.0,3
1910,09:30:02,3416.0,1
1911,09:30:02,3416.0,3
1912,09:30:02,3416.0,2
1913,09:30:02,3416.0,10
1914,09:30:02,3416.0,2
1915,09:30:02,3416.0,15
1916,09:30:02,3416.0,5
1917,09:30:02,3416.0,10
1918,09:30:02,3416.0,1
1919,09:30:02,3416.0,4
1920,09:30:02,3416.0,60
1921,09:30:02,3416.0,3
1922,09:30:02,3416.0,1
1923,09:30:02,3416.0,2
1924,09:30:02,3416.0,1
1925,09:30:02,3416.0,55
1926,09:30:02,3416.0,2
1927,09:30:02,3416.0,10
1928,09:30:02,3416.0,25
1929,09:30:02,3416.0,3
1930,09:30:02,3416.0,5
1931,09:30:02,3416.0,1
1932,09:30:02,3416.0,5
1933,09:30:02,3416.0,1
1934,09:30:02,3416.0,1
1935,09:30:02,3416.0,102
1936,09:30:02,3416.0,175
1937,09:30:02,3416.0,1
1938,09:30:02,3416.0,1
1939,09:30:02,3416.0,5
1940,09:30:02,3416.0,50
1941,09:30:02,3416.0,1
1942,09:30:02,3416.0,2
1943,09:30:02,3416.0,470
1944,09:30:02,3416.0,536
1945,09:30:02,3416.0,5
1946,09:30:02,3416.0,3
1947,09:30:02,3416.0,1
1948,09:30:02,3416.0,1
1949,09:30:02,3416.0,15
1950,09:30:02,3416.0,1
1951,09:30:02,3416.0,1
1952,09:30:02,3416.0,37
1953,09:30:02,3416.0,1
1954,09:30:02,3416.0,200
1955,09:30:02,3416.0,5
1956,09:30:02,3416.0,2
1957,09:30:02,3416.0,1
1958,09:30:02,3416.0,26
1959,09:30:02,3416.0,9
1960,09:30:02,3416.0,4
1961,09:30:02,3416.0,318
1962,09:30:02,3416.0,2
1963,09:30:02,3416.0,1
1964,09:30:02,3416.0,5
1965,09:30:02,3416.0,1
1966,09:30:02,3416.0,6
1967,09:30:02,3416.0,2
1968,09:30:02,3416.0,11
1969,09:30:02,3416.0,2
1970,09:30:02,3416.0,14
1971,09:30:02,3416.0,3
1972,09:30:02,3416.0,29
1973,09:30:02,3416.0,9
1974,09:30:02,3416.0,4
1975,09:30:02,3416.0,1
1976,09:30:02,3416.0,8
1977,09:30:02,3416.0,1
1978,09:30:02,3416.0,4
1979,09:30:02,3416.0,5
1980,09:30:02,3416.0,40
1981,09:30:02,3416.0,1
1982,09:30:02,3416.0,1
1983,09:30:02,3416.0,3
1984,09:30:02,3416.0,61
1985,09:30:02,3416.0,2
1986,09:30:02,3416.0,1
1987,09:30:02,3416.0,1
1988,09:30:02,3416.0,2
1989,09:30:02,3416.0,14
1990,09:30:02,3416.0,2
1991,09:30:02,3416.0,257
1992,09:30:02,3416.0,9
1993,09:30:02,3416.0,4
1994,09:30:02,3416.0,1
1995,09:30:02,3416.0,1
1996,09:30:02,3416.0,9
1997,09:30:02,3416.0,5
1998,09:30:02,3416.0,1
1999,09:30:02,3416.0,2
2000,09:30:02,3416.0,1
2001,09:30:02,3416.0,6
2002,09:30:02,3416.0,4
2003,09:30:02,3416.0,1
2004,09:30:02,3416.0,16
2005,09:30:02,3416.0,3
2006,09:30:02,3416.0,2
2007,09:30:02,3416.0,10
2008,09:30:02,3416.0,1
2009,09:30:02,3416.0,3
2010,09:30:02,3416.0,12
2011,09:30:02,3416.0,1
2012,09:30:02,3416.0,146
2013,09:30:02,3416.0,2
2014,09:30:02,3416.0,25
2015,09:30:02,3416.0,1
2016,09:30:02,3416.0,108
2017,09:30:02,3416.0,20
2018,09:30:02,3416.0,1
2019,09:30:02,3416.0,3
2020,09:30:02,3416.0,3
2021,09:30:02,3416.0,7
2022,09:30:02,3416.0,3
2023,09:30:02,3416.0,97
2024,09:30:02,3416.0,1
2025,09:30:02,3416.0,3
2026,09:30:02,3416.0,1
2027,09:30:02,3416.0,5
2028,09:30:02,3416.0,2
2029,09:30:02,3416.0,5
2030,09:30:02,3416.0,2
2031,09:30:02,3416.0,5
2032,09:30:02,3416.0,1
2033,09:30:02,3416.0,107
2034,09:30:02,3416.0,3
2035,09:30:02,3416.0,1
2036,09:30:02,3416.0,75
2037,09:30:02,3416.0,4
2038,09:30:02,3416.0,1
2039,09:30:02,3416.0,1
2040,09:30:02,3416.0,50
2041,09:30:02,3416.0,1
2042,09:30:02,3416.0,4
2043,09:30:02,3416.0,2
2044,09:30:02,3416.0,1
2045,09:30:02,3416.0,355
2046,09:30:02,3416.0,4
2047,09:30:02,3416.0,6
2048,09:30:02,3416.0,1
2049,09:30:02,3416.0,60
2050,09:30:02,3416.0,1
2051,09:30:02,3416.0,12
2052,09:30:02,3416.0,2
2053,09:30:02,3416.0,1
2054,09:30:02,3416.0,10
2055,09:30:02,3416.0,3
2056,09:30:02,3416.0,2
2057,09:30:02,3416.0,25
2058,09:30:02,3416.0,5
2059,09:30:02,3416.0,1
2060,09:30:02,3416.0,51
2061,09:30:02,3416.0,3
2062,09:30:02,3416.0,25
2063,09:30:02,3416.0,6
2064,09:30:02,3416.0,5
2065,09:30:02,3416.0,1
2066,09:30:02,3416.0,3
2067,09:30:02,3416.0,2
2068,09:30:02,3416.0,1
2069,09:30:02,3416.0,15
2070,09:30:02,3416.0,3
2071,09:30:02,3416.0,2
2072,09:30:02,3416.0,2
2073,09:30:02,3416.0,1
2074,09:30:02,3416.0,10
2075,09:30:02,3416.0,40
2076,09:30:02,3416.0,1
2077,09:30:02,3416.0,1
2078,09:30:02,3416.0,1
2079,09:30:02,3416.0,1
2080,09:30:02,3416.0,2
2081,09:30:02,3416.0,1
2082,09:30:02,3416.0,1
2083,09:30:02,3416.0,4
2084,09:30:02,3416.0,6
2085,09:30:02,3416.0,1
2086,09:30:02,3416.0,5
2087,09:30:02,3416.0,1
2088,09:30:02,3416.0,1
2089,09:30:02,3416.0,10
2090,09:30:02,3416.0,7
2091,09:30:02,3416.0,15
2092,09:30:02,3416.0,7
2093,09:30:02,3416.0,5
2094,09:30:02,3416.0,4
2095,09:30:02,3416.0,1
2096,09:30:02,3416.0,3
2097,09:30:02,3416.0,1
2098,09:30:02,3416.0,2
2099,09:30:02,3416.0,1
2100,09:30:02,3416.0,10
2101,09:30:02,3416.0,3
2102,09:30:02,3416.0,4
2103,09:30:02,3416.0,2
2104,09:30:02,3416.0,3
2105,09:30:02,3416.0,2
2106,09:30:02,3416.0,1
2107,09:30:02,3416.0,1
2108,09:30:02,3416.0,3
2109,09:30:02,3416.0,4
2110,09:30:02,3416.0,1
2111,09:30:02,3416.0,3
2112,09:30:02,3416.0,1
2113,09:30:02,3416.0,10
2114,09:30:02,3416.0,3
2115,09:30:02,3416.0,1
2116,09:30:02,3416.0,5
2117,09:30:02,3416.0,5
2118,09:30:02,3416.0,1
2119,09:30:02,3416.0,1
2120,09:30:02,3416.0,1
2121,09:30:02,3416.0,1
2122,09:30:02,3416.0,14
2123,09:30:02,3416.0,2
2124,09:30:02,3416.0,1
2125,09:30:02,3416.0,1
2126,09:30:02,3416.0,10
2127,09:30:02,3416.0,7
2128,09:30:02,3416.0,5
2129,09:30:02,3416.0,3
2130,09:30:02,3416.0,3
2131,09:30:02,3416.0,2
2132,09:30:02,3416.0,1
2133,09:30:02,3416.0,1
2134,09:30:02,3416.0,1
2135,09:30:02,3416.0,7
2136,09:30:02,3416.0,1
2137,09:30:02,3416.0,25
2138,09:30:02,3416.0,1
2139,09:30:02,3416.0,2
2140,09:30:02,3416.0,1
2141,09:30:02,3416.0,9
2142,09:30:02,3416.0,10
2143,09:30:02,3416.0,1
2144,09:30:02,3416.0,10
2145,09:30:02,3416.0,2
2146,09:30:02,3416.0,1
2147,09:30:02,3416.0,1
2148,09:30:02,3416.0,1
2149,09:30:02,3416.0,8
2150,09:30:02,3416.0,21
2151,09:30:02,3416.0,1
2152,09:30:02,3416.0,10
2153,09:30:02,3416.0,2
2154,09:30:02,3416.0,56
2155,09:30:02,3416.0,1
2156,09:30:02,3416.0,5
2157,09:30:02,3416.0,1
2158,09:30:02,3416.0,1
2159,09:30:02,3416.0,1
2160,09:30:02,3416.0,1
2161,09:30:02,3416.0,2
2162,09:30:02,3416.0,30
2163,09:30:02,3416.0,2
2164,09:30:02,3416.0,6
2165,09:30:02,3416.0,3
2166,09:30:02,3416.0,100
2167,09:30:02,3416.0,8
2168,09:30:02,3416.0,3
2169,09:30:02,3416.0,7
2170,09:30:02,3416.0,1
2171,09:30:02,3416.0,8
2172,09:30:02,3416.0,13
2173,09:30:02,3416.0,1
2174,09:30:02,3416.0,3
2175,09:30:02,3416.0,4
2176,09:30:02,3416.0,1
2177,09:30:02,3416.0,6
2178,09:30:02,3416.0,15
2179,09:30:02,3416.0,9
2180,09:30:02,3416.0,3
2181,09:30:02,3416.0,14
2182,09:30:02,3416.0,1
2183,09:30:02,3416.0,7
2184,09:30:02,3416.0,14
2185,09:30:02,3416.0,29
2186,09:30:02,3416.0,8
2187,09:30:02,3416.0,1
2188,09:30:02,3416.0,1
2189,09:30:02,3416.0,4
2190,09:30:02,3416.0,25
2191,09:30:02,3416.0,2
2192,09:30:02,3416.0,20
2193,09:30:02,3416.0,1
2194,09:30:02,3416.0,1
2195,09:30:02,3416.0,7
2196,09:30:02,3416.0,15
2197,09:30:02,3416.0,31
2198,09:30:02,3416.0,3
2199,09:30:02,3416.0,1
2200,09:30:02,3416.0,14
2201,09:30:02,3416.0,1
2202,09:30:02,3416.0,1
2203,09:30:02,3416.0,1
2204,09:30:02,3416.0,2
2205,09:30:02,3416.0,4
2206,09:30:02,3416.0,3
2207,09:30:02,3416.0,5
2208,09:30:02,3416.0,1
2209,09:30:02,3416.0,2
2210,09:30:02,3416.0,1
2211,09:30:02,3416.0,128
2212,09:30:02,3416.0,1
2213,09:30:02,3416.0,1
2214,09:30:02,3416.0,1
2215,09:30:02,3415.792,100
2216,09:30:01,3415.5,100
2217,09:30:01,3416.24,100
2218,09:30:01,3416.24,100
2219,09:30:01,3415.0,929
2220,09:30:01,3415.0,200
2221,09:30:00,3416.0,100
2222,09:30:00,3416.0,100
2223,09:30:00,3416.0,40
2224,10:29:52,3431.86,100
2225,10:29:31,3432.57,113
2226,10:29:20,3432.2188,100
2227,10:29:13,3431.8299,100
2228,10:29:10,3430.43,100
2229,10:29:10,3430.45,100
2230,10:28:55,3430.1,100
2231,10:28:46,3431.13,100
2232,10:28:46,3431.04,100
2233,10:28:37,3430.8,100
2234,10:28:31,3431.26,200
2235,10:28:31,3431.26,300
2236,10:28:27,3431.45,100
2237,10:28:13,3432.0,100
2238,10:27:58,3432.87,350
2239,10:27:46,3432.2772,196
2240,10:27:43,3432.11,100
2241,10:27:31,3432.1201,100
2242,10:27:28,3432.6,100
2243,10:27:25,3432.74,100
2244,10:27:25,3432.73,100
2245,10:27:10,3433.8,100
2246,10:27:00,3434.53,100
2247,10:27:00,3434.53,100
2248,10:26:48,3434.515,100
2249,10:26:12,3435.07,100
2250,10:26:00,3434.805,100
2251,10:26:00,3434.92,151
2252,10:25:36,3434.89,214
2253,10:25:32,3434.06,100
2254,10:25:27,3434.29,100
2255,10:25:24,3434.37,100
2256,10:25:24,3434.37,100
2257,10:25:24,3434.37,100
2258,10:25:24,3434.37,100
2259,10:25:14,3434.98,100
2260,10:25:14,3434.98,100
2261,10:25:13,3434.03,100
2262,10:25:13,3433.625,100
2263,10:25:00,3434.905,100
2264,10:24:50,3435.145,100
2265,10:24:46,3434.365,100
2266,10:24:43,3434.01,200
2267,10:24:40,3434.16,100
2268,10:24:27,3434.495,118
2269,10:24:25,3433.65,100
2270,10:24:20,3434.0,100
2271,10:24:20,3434.5,100
2272,10:24:19,3434.0,100
2273,10:24:16,3434.505,100
2274,10:24:14,3434.0,100
2275,10:24:10,3434.48,100
2276,10:24:08,3434.42,100
2277,10:23:45,3437.96,100
2278,10:23:39,3436.4522,100
2279,10:23:39,3437.045,200
2280,10:23:36,3436.34,100
2281,10:23:34,3436.14,100
2282,10:23:07,3438.24,100
2283,10:23:06,3438.91,100
2284,10:22:48,3436.78,100
2285,10:22:36,3437.44,100
2286,10:22:36,3437.24,100
2287,10:22:02,3436.055,120
2288,10:21:56,3437.12,100
2289,10:21:55,3436.27,100
2290,10:21:50,3436.29,100
2291,10:21:48,3436.555,100
2292,10:21:40,3436.29,100
2293,10:21:38,3437.0,139
2294,10:21:25,3437.0,100
2295,10:21:15,3438.17,100
2296,10:21:09,3437.465,100
2297,10:21:09,3437.59,100
2298,10:21:09,3438.466,1100
2299,10:21:09,3438.17,100
2300,10:21:09,3438.17,100
2301,10:21:09,3437.578,100
2302,10:21:05,3437.56,100
2303,10:21:01,3438.175,100
2304,10:20:50,3438.04,100
2305,10:20:46,3438.04,100
2306,10:20:43,3438.04,100
2307,10:20:24,3438.825,100
2308,10:20:20,3439.304,291
2309,10:20:09,3438.715,300
2310,10:20:09,3437.3841,100
2311,10:20:09,3438.4415,100
2312,10:20:05,3439.305,100
2313,10:20:05,3439.62,100
2314,10:20:05,3439.62,100
2315,10:19:40,3437.895,500
2316,10:19:40,3438.19,236
2317,10:19:32,3438.14,100
2318,10:19:26,3437.94,100
2319,10:19:17,3438.16,100
2320,10:19:12,3438.011,100
2321,10:19:11,3437.465,100
2322,10:19:11,3437.76,100
2323,10:19:10,3436.965,100
2324,10:19:01,3436.5013,100
2325,10:19:01,3437.01,100
2326,10:18:45,3436.755,100
2327,10:18:39,3436.11,100
2328,10:18:39,3436.27,100
2329,10:18:36,3435.0,100
2330,10:18:31,3435.675,100
2331,10:18:31,3435.68,100
2332,10:18:27,3436.02,100
2333,10:18:16,3436.78,181
2334,10:18:16,3437.025,100
2335,10:18:11,3437.15,100
2336,10:18:11,3437.08,100
2337,10:18:11,3437.17,100
2338,10:18:11,3437.17,100
2339,10:18:11,3437.3,200
2340,10:17:54,3436.8445,100
2341,10:17:51,3437.97,100
2342,10:17:50,3438.0,100
2343,10:17:50,3438.68,100
2344,10:17:49,3438.11,100
2345,10:17:44,3439.08,159
2346,10:17:27,3442.0,100
2347,10:17:27,3442.0,125
2348,10:17:17,3442.0,100
2349,10:17:16,3441.255,100
2350,10:17:15,3441.255,100
2351,10:17:14,3441.71,100
2352,10:17:08,3441.4707,423
2353,10:17:08,3440.8,100
2354,10:17:08,3440.53,100
2355,10:17:08,3440.53,100
2356,10:17:05,3441.22,100
2357,10:17:05,3441.22,171
2358,10:16:57,3441.1674,100
2359,10:16:54,3441.4902,209
2360,10:16:43,3441.99,155
2361,10:16:40,3442.97,100
2362,10:16:40,3442.97,100
2363,10:16:40,3442.6,100
2364,10:16:40,3441.995,100
2365,10:16:39,3441.995,500
2366,10:16:27,3441.0,100
2367,10:16:22,3442.04,100
2368,10:16:22,3442.04,100
2369,10:16:06,3442.83,100
2370,10:16:05,3443.0,100
2371,10:16:05,3443.0,100
2372,10:16:05,3442.85,100
2373,10:16:00,3442.82,100
2374,10:16:00,3442.68,100
2375,10:16:00,3442.52,200
2376,10:16:00,3442.82,100
2377,10:16:00,3442.82,100
2378,10:16:00,3442.8465,100
2379,10:16:00,3442.5,100
2380,10:16:00,3442.36,100
2381,10:15:56,3441.73,100
2382,10:15:33,3441.98,100
2383,10:15:21,3442.74,100
2384,10:15:21,3442.74,200
2385,10:15:12,3441.86,100
2386,10:15:12,3441.87,100
2387,10:15:09,3442.61,200
2388,10:15:08,3441.99,100
2389,10:15:04,3442.09,100
2390,10:14:52,3442.77,100
2391,10:14:52,3442.77,100
2392,10:14:52,3442.77,100
2393,10:14:28,3441.76,100
2394,10:14:26,3443.5,100
2395,10:14:26,3442.23,100
2396,10:14:13,3443.3316,100
2397,10:14:12,3442.905,100
2398,10:14:10,3443.06,100
2399,10:14:10,3443.06,100
2400,10:14:05,3442.86,200
2401,10:14:05,3443.42,100
2402,10:14:05,3443.42,100
2403,10:14:04,3443.19,100
2404,10:14:02,3443.88,198
2405,10:13:56,3443.57,100
2406,10:13:56,3443.45,100
2407,10:13:55,3443.23,242
2408,10:13:55,3443.23,239
2409,10:13:53,3442.9542,100
2410,10:13:52,3443.4075,100
2411,10:13:47,3443.215,100
2412,10:13:39,3443.57,100
2413,10:13:39,3443.56,100
2414,10:13:23,3442.045,100
2415,10:13:20,3442.7264,102
2416,10:13:14,3443.9999,300
2417,10:13:11,3443.33,100
2418,10:12:54,3441.6,400
2419,10:12:54,3441.4,100
2420,10:12:53,3441.405,150
2421,10:12:53,3442.97,100
2422,10:12:53,3442.825,100
2423,10:12:53,3442.93,100
2424,10:12:53,3442.835,100
2425,10:12:52,3441.99,100
2426,10:12:48,3442.05,100
2427,10:12:40,3442.04,100
2428,10:12:36,3441.98,100
2429,10:12:36,3441.62,100
2430,10:12:36,3441.0,100
2431,10:12:36,3440.99,380
2432,10:12:27,3440.365,100
2433,10:12:27,3440.015,100
2434,10:12:27,3439.88,380
2435,10:12:27,3440.0,100
2436,10:12:27,3440.0,100
2437,10:12:27,3440.0,100
2438,10:12:27,3439.89,100
2439,10:12:23,3437.37,304
2440,10:12:10,3438.26,100
2441,10:12:00,3438.66,100
2442,10:11:51,3438.26,100
2443,10:11:31,3437.48,100
2444,10:11:09,3437.73,100
2445,10:11:06,3438.43,100
2446,10:11:05,3438.13,100
2447,10:10:47,3437.88,100
2448,10:10:47,3437.88,100
2449,10:10:23,3437.715,200
2450,10:10:07,3438.61,100
2451,10:09:42,3437.77,100
2452,10:09:24,3438.3,100
2453,10:09:23,3438.895,100
2454,10:09:13,3439.47,100
2455,10:09:13,3439.463,200
2456,10:09:11,3439.195,100
2457,10:09:10,3438.9,100
2458,10:09:10,3438.5,100
2459,10:09:10,3438.68,100
2460,10:09:10,3438.68,100
2461,10:09:02,3438.2995,100
2462,10:08:57,3437.48,100
2463,10:08:34,3436.2538,100
2464,10:08:25,3436.61,300
2465,10:08:21,3437.84,100
2466,10:08:16,3437.97,100
2467,10:08:15,3437.98,100
2468,10:08:12,3438.6,200
2469,10:08:11,3437.555,500
2470,10:08:10,3438.41,100
2471,10:08:07,3438.91,100
2472,10:08:07,3438.92,100
2473,10:08:06,3438.8399,100
2474,10:08:05,3438.51,100
2475,10:08:01,3438.59,100
2476,10:08:01,3438.14,100
2477,10:07:59,3436.99,100
2478,10:07:59,3436.5,100
2479,10:07:57,3436.115,100
2480,10:07:57,3436.115,100
2481,10:07:56,3436.45,100
2482,10:07:27,3436.475,100
2483,10:07:26,3435.93,100
2484,10:07:22,3436.75,100
2485,10:07:22,3436.91,400
2486,10:07:21,3435.85,100
2487,10:07:15,3436.505,100
2488,10:07:14,3436.41,100
2489,10:07:03,3435.24,100
2490,10:06:50,3433.9193,100
2491,10:06:36,3433.99,100
2492,10:06:26,3433.12,100
2493,10:06:21,3434.21,100
2494,10:06:21,3434.725,100
2495,10:06:16,3434.46,100
2496,10:06:12,3434.5,100
2497,10:06:12,3434.53,100
2498,10:06:12,3434.52,100
2499,10:05:27,3435.135,105
2500,10:05:27,3434.685,100
2501,10:05:27,3434.65,100
2502,10:05:25,3434.4014,250
2503,10:05:18,3433.4,100
2504,10:04:59,3433.86,100
2505,10:04:56,3432.82,100
2506,10:04:48,3433.01,100
2507,10:04:45,3433.27,100
2508,10:04:40,3433.665,100
2509,10:04:38,3433.3,100
2510,10:04:37,3434.72,200
2511,10:04:31,3434.6386,100
2512,10:04:29,3434.4622,150
2513,10:04:28,3433.31,231
2514,10:04:28,3434.385,125
2515,10:04:22,3434.1688,100
2516,10:04:10,3434.0545,300
2517,10:04:10,3433.8301,200
2518,10:04:10,3433.67,100
2519,10:04:09,3434.55,100
2520,10:04:09,3435.01,100
2521,10:04:08,3435.2,100
2522,10:04:08,3435.2,100
2523,10:04:08,3435.2,131
2524,10:04:08,3435.36,100
2525,10:04:08,3435.35,100
2526,10:03:59,3435.26,100
2527,10:03:59,3435.26,100
2528,10:03:59,3435.835,106
2529,10:03:59,3435.0,200
2530,10:03:59,3435.73,100
2531,10:03:59,3436.142,100
2532,10:03:59,3435.84,200
2533,10:03:59,3435.84,100
2534,10:03:52,3437.035,100
2535,10:03:51,3436.69,128
2536,10:03:29,3437.2,100
2537,10:03:25,3437.69,200
2538,10:03:25,3437.69,100
2539,10:03:19,3437.475,100
2540,10:03:18,3437.475,100
2541,10:03:18,3437.475,100
2542,10:03:14,3437.83,149
2543,10:03:14,3437.83,142
2544,10:03:14,3437.77,132
2545,10:03:11,3438.41,100
2546,10:03:10,3438.01,100
2547,10:03:00,3437.585,300
2548,10:02:38,3437.0001,1990
2549,10:02:38,3437.2009,100
2550,10:02:33,3436.6,100
2551,10:02:33,3437.595,100
2552,10:02:30,3438.01,100
2553,10:02:27,3437.96,100
2554,10:02:26,3437.97,100
2555,10:02:24,3436.84,100
2556,10:02:21,3436.765,100
2557,10:02:16,3437.88,100
2558,10:01:57,3438.08,100
2559,10:01:55,3438.36,100
2560,10:01:53,3438.64,147
2561,10:01:52,3438.11,100
2562,10:01:40,3437.93,100
2563,10:01:40,3437.93,100
2564,10:01:38,3437.9,100
2565,10:01:32,3438.62,100
2566,10:01:31,3438.56,100
2567,10:01:25,3438.016,100
2568,10:01:13,3437.35,131
2569,10:01:13,3437.35,100
2570,10:01:12,3437.35,200
2571,10:01:10,3437.34,100
2572,10:01:09,3436.03,320
2573,10:01:09,3436.03,200
2574,10:01:04,3437.02,100
2575,10:01:03,3436.12,100
2576,10:01:00,3437.125,100
2577,10:00:56,3435.0,100
2578,10:00:54,3435.0,200
2579,10:00:47,3436.47,100
2580,10:00:46,3435.795,100
2581,10:00:45,3435.465,100
2582,10:00:35,3435.035,100
2583,10:00:23,3437.045,100
2584,10:00:15,3437.57,100
2585,10:00:15,3437.57,100
2586,10:00:14,3437.78,100
2587,10:00:14,3438.105,100
2588,10:00:12,3437.775,100
2589,10:00:12,3437.62,100
2590,10:00:12,3437.62,100
2591,10:00:12,3437.665,100
2592,10:00:12,3437.8501,300
2593,10:00:06,3438.75,100
2594,10:00:06,3438.75,100
2595,10:00:06,3438.11,100
2596,10:00:04,3438.04,100
2597,10:00:04,3438.05,100
2598,10:00:04,3438.05,100
2599,10:00:04,3438.31,100
2600,10:00:04,3437.37,100
2601,10:00:04,3437.0,100
2602,10:00:04,3437.06,100
2603,10:00:02,3436.5,100
2604,10:00:02,3435.7735,100
2605,10:00:01,3436.07,100
2606,10:00:01,3435.4,100
2607,10:59:58,3434.6925,100
2608,10:59:58,3434.005,100
2609,10:59:58,3434.125,100
2610,10:59:58,3435.11,100
2611,10:59:58,3434.8275,100
2612,10:59:58,3434.565,100
2613,10:58:58,3435.45,100
2614,10:58:35,3435.28,100
2615,10:58:30,3435.27,100
2616,10:58:18,3434.71,100
2617,10:58:18,3434.86,300
2618,10:58:18,3434.19,100
2619,10:58:18,3434.7,100
2620,10:58:18,3434.19,100
2621,10:58:16,3434.5,100
2622,10:58:16,3434.5,122
2623,10:58:07,3434.84,100
2624,10:58:07,3434.85,100
2625,10:58:00,3435.51,100
2626,10:57:22,3435.8199,100
2627,10:57:00,3435.55,100
2628,10:56:58,3435.07,100
2629,10:56:45,3434.81,100
2630,10:56:45,3434.22,100
2631,10:56:45,3434.22,100
2632,10:56:36,3433.72,100
2633,10:56:33,3433.56,100
2634,10:56:20,3434.435,100
2635,10:56:11,3433.7,100
2636,10:56:08,3435.655,100
2637,10:56:04,3435.38,100
2638,10:56:04,3436.0,100
2639,10:55:59,3435.58,1427
2640,10:55:59,3436.416,100
2641,10:55:59,3436.42,100
2642,10:55:59,3436.415,100
2643,10:55:44,3437.02,100
2644,10:55:43,3437.46,100
2645,10:55:43,3437.02,100
2646,10:55:43,3437.22,100
2647,10:55:43,3437.22,100
2648,10:55:17,3436.71,100
2649,10:55:09,3437.74,141
2650,10:55:07,3438.4025,100
2651,10:55:05,3438.0,100
2652,10:55:05,3438.4,100
2653,10:54:51,3438.56,100
2654,10:54:36,3438.73,100
2655,10:54:23,3438.71,372
2656,10:54:22,3438.73,100
2657,10:54:21,3438.73,100
2658,10:54:21,3438.73,100
2659,10:54:21,3439.025,100
2660,10:54:21,3439.125,100
2661,10:54:21,3439.125,100
2662,10:54:21,3439.125,100
2663,10:54:01,3438.71,100
2664,10:53:53,3438.965,100
2665,10:53:42,3439.49,100
2666,10:53:42,3439.55,100
2667,10:53:20,3439.33,100
2668,10:53:17,3440.225,100
2669,10:53:10,3440.185,100
2670,10:53:07,3440.405,100
2671,10:52:56,3441.98,100
2672,10:52:56,3442.0,100
2673,10:52:55,3442.02,100
2674,10:52:54,3441.71,100
2675,10:52:23,3443.8,100
2676,10:52:22,3442.91,100
2677,10:52:21,3442.0,4500
2678,10:52:21,3442.3,100
2679,10:52:21,3442.33,100
2680,10:52:21,3442.0,206
2681,10:52:21,3442.0,342
2682,10:52:21,3442.0,209
2683,10:52:21,3442.0,213
2684,10:52:21,3442.0,500
2685,10:51:52,3440.73,200
2686,10:51:45,3440.235,100
2687,10:51:43,3440.235,100
2688,10:51:40,3440.24,100
2689,10:51:40,3440.24,100
2690,10:51:31,3439.875,100
2691,10:51:25,3439.875,100
2692,10:51:19,3439.86,100
2693,10:51:18,3439.86,100
2694,10:51:06,3438.91,100
2695,10:50:51,3439.955,100
2696,10:50:50,3439.9583,192
2697,10:50:50,3439.9583,100
2698,10:50:41,3439.795,100
2699,10:50:40,3440.76,100
2700,10:50:30,3440.87,100
2701,10:50:27,3440.2392,270
2702,10:50:07,3440.43,100
2703,10:50:07,3440.43,100
2704,10:50:07,3440.43,100
2705,10:50:00,3439.7755,300
2706,10:49:11,3441.19,100
2707,10:49:05,3441.0,100
2708,10:48:54,3440.66,150
2709,10:48:53,3440.57,151
2710,10:48:14,3439.59,100
2711,10:48:05,3440.2283,150
2712,10:47:59,3439.505,300
2713,10:47:54,3439.01,200
2714,10:47:49,3439.49,100
2715,10:47:28,3440.23,100
2716,10:47:26,3440.1,151
2717,10:47:05,3440.0,100
2718,10:46:22,3441.92,100
2719,10:45:55,3440.705,100
2720,10:45:26,3442.33,100
2721,10:45:12,3440.85,125
2722,10:45:10,3440.43,100
2723,10:45:10,3440.42,100
2724,10:45:10,3440.43,100
2725,10:45:06,3440.41,100
2726,10:45:02,3440.05,100
2727,10:45:02,3440.43,100
2728,10:45:00,3439.67,100
2729,10:44:56,3440.0,100
2730,10:44:50,3439.67,100
2731,10:44:43,3439.545,100
2732,10:44:43,3439.64,100
2733,10:44:43,3439.64,100
2734,10:44:13,3439.59,100
2735,10:43:45,3439.61,162
2736,10:43:43,3439.6001,100
2737,10:43:38,3439.99,100
2738,10:43:33,3439.9,100
2739,10:43:32,3439.5,100
2740,10:43:30,3439.13,300
2741,10:43:22,3439.855,100
2742,10:43:08,3439.87,100
2743,10:43:04,3439.87,100
2744,10:42:56,3439.4,200
2745,10:42:35,3439.33,100
2746,10:42:24,3439.12,100
2747,10:42:23,3439.56,100
2748,10:42:14,3440.0,100
2749,10:42:08,3439.41,100
2750,10:41:25,3438.9,100
2751,10:41:16,3438.785,100
2752,10:41:16,3438.95,100
2753,10:41:00,3439.77,200
2754,10:40:41,3439.215,100
2755,10:40:10,3441.53,100
2756,10:40:10,3441.465,100
2757,10:40:10,3441.66,100
2758,10:40:10,3441.66,100
2759,10:39:58,3440.03,100
2760,10:39:58,3440.03,100
2761,10:39:58,3440.4,100
2762,10:39:58,3440.03,100
2763,10:39:58,3440.03,100
2764,10:39:39,3441.805,100
2765,10:39:09,3441.89,100
2766,10:39:09,3441.89,100
2767,10:39:09,3441.9,100
2768,10:38:38,3442.55,100
2769,10:38:26,3441.2291,100
2770,10:38:21,3441.98,100
2771,10:38:21,3440.74,100
2772,10:38:08,3440.42,100
2773,10:37:53,3440.41,100
2774,10:37:48,3438.5701,100
2775,10:37:48,3440.41,100
2776,10:37:43,3440.615,100
2777,10:37:43,3440.585,100
2778,10:37:27,3439.89,200
2779,10:37:21,3439.97,100
2780,10:37:05,3440.41,100
2781,10:37:02,3439.94,100
2782,10:36:57,3440.33,100
2783,10:36:49,3440.44,100
2784,10:36:49,3440.63,100
2785,10:36:40,3441.355,1000
2786,10:36:34,3441.31,100
2787,10:36:33,3440.8414,290
2788,10:36:02,3440.6201,300
2789,10:35:59,3441.68,100
2790,10:35:45,3442.99,187
2791,10:35:45,3442.99,380
2792,10:35:45,3442.96,162
2793,10:35:45,3442.96,329
2794,10:35:45,3442.96,100
2795,10:35:42,3442.455,300
2796,10:35:27,3442.375,100
2797,10:35:26,3442.37,100
2798,10:35:26,3442.37,189
2799,10:35:26,3442.38,117
2800,10:35:25,3442.38,100
2801,10:35:20,3442.31,100
2802,10:35:20,3442.0,100
2803,10:35:16,3441.46,600
2804,10:35:16,3441.14,100
2805,10:35:16,3439.95,100
2806,10:35:16,3439.95,100
2807,10:35:16,3439.95,100
2808,10:35:16,3439.96,100
2809,10:35:16,3439.87,100
2810,10:35:16,3439.87,100
2811,10:35:16,3439.1984,100
2812,10:34:52,3439.07,100
2813,10:34:34,3440.18,100
2814,10:34:30,3440.295,100
2815,10:33:45,3439.18,100
2816,10:33:13,3438.33,100
2817,10:33:13,3438.34,100
2818,10:33:04,3438.47,100
2819,10:32:56,3437.99,100
2820,10:32:36,3436.68,100
2821,10:32:35,3436.21,100
2822,10:32:33,3436.59,100
2823,10:32:33,3435.03,100
2824,10:32:21,3436.34,100
2825,10:32:12,3435.66,300
2826,10:32:11,3434.87,100
2827,10:32:11,3434.87,100
2828,10:31:52,3435.38,100
2829,10:31:52,3435.58,100
2830,10:31:34,3435.585,100
2831,10:31:28,3435.99,100
2832,10:31:22,3435.785,100
2833,10:31:13,3434.73,100
2834,10:31:13,3434.8199,100
2835,10:30:59,3433.57,100
2836,10:30:59,3433.51,100
2837,10:30:59,3433.04,100
2838,10:30:44,3432.0001,100
2839,11:28:19,3435.56,100
2840,11:28:15,3435.26,100
2841,11:27:58,3435.0,300
2842,11:27:58,3435.0,100
2843,11:27:30,3435.255,107
2844,11:27:30,3434.6601,100
2845,11:27:08,3435.0,100
2846,11:27:08,3434.82,100
2847,11:26:43,3434.97,100
2848,11:25:32,3433.69,100
2849,11:25:26,3433.47,100
2850,11:25:05,3434.08,100
2851,11:25:05,3433.89,100
2852,11:25:05,3434.09,100
2853,11:25:03,3434.16,100
2854,11:25:03,3434.18,100
2855,11:24:54,3433.42,100
2856,11:24:40,3434.0,174
2857,11:24:40,3434.0,178
2858,11:24:36,3433.865,100
2859,11:24:36,3434.0,100
2860,11:24:35,3434.0,200
2861,11:24:35,3434.0,200
2862,11:24:34,3434.0,100
2863,11:24:34,3434.0,100
2864,11:24:34,3434.24,100
2865,11:24:34,3434.24,100
2866,11:24:34,3434.59,100
2867,11:24:34,3434.61,100
2868,11:24:34,3434.61,100
2869,11:24:34,3434.6,100
2870,11:24:34,3435.725,100
2871,11:24:34,3435.715,100
2872,11:24:33,3435.63,100
2873,11:24:33,3435.79,100
2874,11:24:33,3435.63,100
2875,11:24:33,3435.8,100
2876,11:24:33,3435.8,100
2877,11:24:33,3435.79,100
2878,11:24:33,3435.65,100
2879,11:24:33,3435.71,100
2880,11:24:33,3435.71,100
2881,11:24:33,3435.88,100
2882,11:24:33,3435.84,100
2883,11:24:33,3435.81,100
2884,11:24:33,3435.88,100
2885,11:24:27,3436.0,100
2886,11:22:54,3434.21,100
2887,11:22:46,3434.2067,300
2888,11:22:45,3434.2773,100
2889,11:22:40,3434.015,200
2890,11:22:14,3435.37,100
2891,11:22:14,3435.095,200
2892,11:22:07,3434.98,100
2893,11:21:42,3435.0,100
2894,11:21:42,3434.545,100
2895,11:21:01,3433.16,100
2896,11:21:01,3433.01,100
2897,11:20:23,3432.62,100
2898,11:19:53,3433.67,100
2899,11:19:53,3433.4373,500
2900,11:19:32,3433.0,100
2901,11:19:10,3432.49,200
2902,11:18:03,3433.51,100
2903,11:16:57,3432.1487,300
2904,11:16:28,3431.58,100
2905,11:14:51,3432.17,100
2906,11:13:13,3436.1344,6314
2907,11:12:55,3430.2,100
2908,11:12:52,3430.2,100
2909,11:12:51,3430.22,100
2910,11:12:42,3431.0,306
2911,11:12:31,3430.21,100
2912,11:12:22,3430.8075,204
2913,11:12:19,3430.213,100
2914,11:12:19,3430.27,100
2915,11:11:17,3430.13,100
2916,11:11:04,3431.9564,154
2917,11:11:03,3431.95,200
2918,11:10:41,3430.8882,151
2919,11:10:38,3429.33,100
2920,11:10:32,3430.645,100
2921,11:10:19,3430.725,200
2922,11:10:19,3430.665,100
2923,11:10:15,3430.885,100
2924,11:10:10,3430.9992,100
2925,11:10:09,3430.62,100
2926,11:10:07,3431.385,100
2927,11:10:07,3430.6201,100
2928,11:09:57,3430.57,100
2929,11:09:57,3430.72,100
2930,11:09:35,3430.14,100
2931,11:09:35,3429.8,100
2932,11:09:20,3428.76,100
2933,11:09:20,3429.09,100
2934,11:09:20,3429.09,100
2935,11:09:01,3429.34,100
2936,11:08:53,3428.2069,150
2937,11:08:53,3428.675,100
2938,11:08:47,3428.0001,100
2939,11:08:39,3429.57,100
2940,11:08:29,3429.63,200
2941,11:08:27,3430.14,125
2942,11:08:26,3429.83,100
2943,11:08:26,3430.13,100
2944,11:08:16,3430.1,100
2945,11:08:14,3430.12,400
2946,11:08:08,3430.56,151
2947,11:08:08,3430.56,100
2948,11:07:54,3430.11,200
2949,11:07:20,3431.0,200
2950,11:06:23,3432.711,100
2951,11:06:15,3432.9,101
2952,11:06:15,3432.91,105
2953,11:05:53,3432.91,149
2954,11:05:23,3433.19,100
2955,11:05:23,3433.0,100
2956,11:05:21,3433.58,100
2957,11:05:21,3433.59,100
2958,11:04:36,3433.21,100
2959,11:04:31,3432.85,100
2960,11:04:31,3432.84,100
2961,11:04:21,3433.81,100
2962,11:03:56,3434.27,100
2963,11:03:56,3434.96,100
2964,11:03:51,3435.0,100
2965,11:03:51,3435.005,100
2966,11:03:40,3434.565,100
2967,11:03:34,3435.015,120
2968,11:03:25,3435.13,100
2969,11:03:06,3436.54,100
2970,11:03:06,3436.54,100
2971,11:02:57,3437.07,100
2972,11:02:56,3436.51,100
2973,11:02:49,3436.89,100
2974,11:02:48,3437.14,100
2975,11:02:48,3436.95,100
2976,11:02:48,3437.2,100
2977,11:02:34,3435.73,100
2978,11:01:51,3435.66,100
2979,11:01:45,3435.61,100
2980,11:01:29,3434.775,100
2981,11:01:24,3434.94,100
2982,11:01:24,3434.94,100
2983,11:01:23,3434.94,100
2984,11:01:18,3433.89,146
2985,11:01:18,3433.9,100
2986,11:01:02,3434.15,100
2987,11:01:02,3434.15,100
2988,11:00:04,3434.035,100
2989,11:59:57,3426.28,271
2990,11:59:40,3426.8838,100
2991,11:59:21,3427.045,100
2992,11:58:57,3426.03,744
2993,11:58:57,3426.03,100
2994,11:58:57,3425.96,100
2995,11:58:27,3426.39,100
2996,11:58:27,3426.0,100
2997,11:58:17,3426.01,100
2998,11:57:53,3426.765,100
2999,11:57:47,3427.283,2000
3000,11:57:15,3426.99,100
3001,11:56:42,3427.658,125
3002,11:55:53,3429.18,100
3003,11:55:46,3429.18,100
3004,11:55:33,3428.35,379
3005,11:54:34,3430.0,100
3006,11:54:34,3430.0,100
3007,11:51:54,3431.98,100
3008,11:51:31,3433.02,100
3009,11:51:09,3432.5764,500
3010,11:50:58,3432.985,100
3011,11:50:24,3433.37,500
3012,11:50:11,3433.1442,128
3013,11:49:42,3433.88,100
3014,11:49:40,3434.3,100
3015,11:49:40,3434.25,100
3016,11:49:40,3434.32,100
3017,11:49:40,3434.36,200
3018,11:49:40,3434.25,100
3019,11:49:40,3434.0,1000
3020,11:49:40,3434.36,100
3021,11:48:37,3435.22,100
3022,11:48:37,3435.5,190
3023,11:48:36,3435.82,200
3024,11:48:36,3435.53,100
3025,11:48:36,3435.6,100
3026,11:48:36,3435.42,100
3027,11:48:36,3436.39,101
3028,11:48:36,3436.39,100
3029,11:48:36,3435.98,101
3030,11:48:36,3435.97,100
3031,11:48:36,3435.48,224
3032,11:48:36,3435.32,100
3033,11:48:36,3435.32,100
3034,11:48:36,3435.28,100
3035,11:48:31,3434.5001,150
3036,11:47:13,3435.485,200
3037,11:46:20,3436.01,100
3038,11:45:53,3436.32,100
3039,11:45:48,3436.035,100
3040,11:45:48,3434.9,100
3041,11:45:48,3436.08,100
3042,11:45:48,3436.075,100
3043,11:44:29,3435.0,100
3044,11:44:23,3434.3,100
3045,11:44:23,3434.31,100
3046,11:44:23,3434.32,100
3047,11:44:06,3435.075,110
3048,11:43:40,3434.92,110
3049,11:42:44,3433.99,100
3050,11:42:13,3433.37,100
3051,11:40:50,3432.62,100
3052,11:40:50,3432.01,100
3053,11:40:00,3432.15,100
3054,11:38:58,3430.75,100
3055,11:37:41,3430.42,100
3056,11:37:10,3429.21,100
3057,11:37:07,3428.305,100
3058,11:37:01,3428.355,100
3059,11:37:00,3428.36,100
3060,11:36:46,3428.115,100
3061,11:36:35,3428.0,528
3062,11:36:35,3427.97,105
3063,11:36:34,3428.04,200
3064,11:36:34,3428.04,100
3065,11:36:34,3428.38,100
3066,11:36:12,3429.22,226
3067,11:36:05,3428.77,100
3068,11:36:04,3428.5614,200
3069,11:34:59,3430.07,100
3070,11:34:39,3428.0,100
3071,11:34:39,3428.0,100
3072,11:34:37,3428.65,100
3073,11:34:34,3428.44,100
3074,11:34:04,3428.4401,100
3075,11:33:50,3429.85,100
3076,11:33:50,3429.85,165
3077,11:33:27,3429.825,100
3078,11:33:13,3430.0,100
3079,11:32:58,3430.62,100
3080,11:32:46,3430.41,100
3081,11:32:43,3430.3971,100
3082,11:32:36,3430.1401,100
3083,11:32:23,3431.18,100
3084,11:32:12,3431.3,100
3085,11:31:35,3431.9,100
3086,11:31:35,3430.815,100
3087,11:31:35,3430.815,100
3088,11:31:31,3432.22,100
3089,12:29:21,3425.8399,100
3090,12:28:33,3425.85,100
3091,12:28:30,3426.07,100
3092,12:28:30,3425.83,100
3093,12:28:25,3426.07,100
3094,12:27:49,3426.435,100
3095,12:27:48,3426.0701,125
3096,12:27:45,3426.435,303
3097,12:27:04,3426.39,100
3098,12:27:04,3426.41,100
3099,12:27:04,3425.98,100
3100,12:27:02,3426.85,100
3101,12:27:02,3426.85,100
3102,12:26:51,3426.8,100
3103,12:26:51,3426.7,100
3104,12:26:46,3426.39,100
3105,12:26:43,3425.98,100
3106,12:26:40,3425.93,100
3107,12:26:40,3425.9,100
3108,12:26:40,3425.93,100
3109,12:26:40,3425.94,100
3110,12:26:40,3425.95,100
3111,12:26:40,3425.9,100
3112,12:26:40,3425.92,100
3113,12:26:31,3425.1,100
3114,12:26:19,3425.88,100
3115,12:26:19,3425.866,100
3116,12:26:19,3425.7474,100
3117,12:26:19,3425.88,100
3118,12:26:19,3425.73,100
3119,12:26:19,3425.78,100
3120,12:26:19,3425.71,200
3121,12:26:18,3425.4045,500
3122,12:26:07,3425.61,100
3123,12:26:06,3425.53,100
3124,12:26:00,3424.46,100
3125,12:25:09,3424.6389,100
3126,12:25:04,3424.99,100
3127,12:24:51,3424.8017,100
3128,12:24:50,3424.38,100
3129,12:24:44,3424.61,100
3130,12:24:43,3424.8,100
3131,12:24:42,3423.9201,100
3132,12:24:30,3423.38,100
3133,12:24:27,3423.76,100
3134,12:24:27,3423.74,100
3135,12:24:27,3423.65,100
3136,12:24:05,3423.27,100
3137,12:23:27,3422.2321,100
3138,12:22:49,3421.82,100
3139,12:22:42,3420.6865,100
3140,12:22:39,3421.42,100
3141,12:22:29,3420.13,100
3142,12:22:19,3419.85,100
3143,12:22:18,3419.23,100
3144,12:22:15,3419.9,100
3145,12:21:44,3420.13,100
3146,12:21:31,3419.62,100
3147,12:21:29,3419.935,100
3148,12:21:01,3418.97,100
3149,12:21:01,3418.98,100
3150,12:20:43,3417.95,100
3151,12:20:43,3418.03,100
3152,12:20:43,3417.97,100
3153,12:20:43,3417.95,100
3154,12:20:34,3418.63,100
3155,12:19:17,3420.846,200
3156,12:19:02,3420.02,111
3157,12:18:50,3421.14,180
3158,12:18:49,3420.84,100
3159,12:18:48,3421.7999,100
3160,12:18:46,3421.475,150
3161,12:18:41,3419.88,100
3162,12:18:41,3419.96,100
3163,12:18:36,3419.7,100
3164,12:18:32,3419.675,500
3165,12:18:30,3419.75,100
3166,12:18:10,3419.005,100
3167,12:17:40,3418.34,100
3168,12:17:40,3418.85,100
3169,12:17:19,3419.07,100
3170,12:16:12,3419.77,100
3171,12:16:09,3419.0,418
3172,12:15:50,3419.135,100
3173,12:15:49,3419.49,200
3174,12:15:48,3420.455,140
3175,12:14:56,3422.16,150
3176,12:14:56,3421.46,100
3177,12:14:56,3422.0,103
3178,12:14:40,3422.3044,100
3179,12:14:40,3423.34,100
3180,12:13:51,3424.1343,105
3181,12:13:26,3424.3304,200
3182,12:12:52,3423.48,100
3183,12:12:42,3423.57,100
3184,12:12:40,3423.13,100
3185,12:12:37,3423.12,100
3186,12:12:37,3423.12,200
3187,12:12:36,3423.12,100
3188,12:12:36,3423.12,100
3189,12:12:23,3423.1201,100
3190,12:12:21,3423.1201,100
3191,12:12:10,3424.5,200
3192,12:11:14,3424.55,108
3193,12:11:14,3424.8,100
3194,12:11:13,3425.64,100
3195,12:11:13,3425.8,179
3196,12:11:01,3425.77,100
3197,12:11:01,3425.79,100
3198,12:10:07,3425.0,200
3199,12:10:07,3425.0,100
3200,12:09:53,3425.0,100
3201,12:08:55,3425.12,100
3202,12:08:07,3426.005,200
3203,12:08:07,3426.005,200
3204,12:08:04,3425.84,100
3205,12:07:54,3424.99,100
3206,12:07:54,3424.83,100
3207,12:07:54,3424.84,100
3208,12:07:46,3423.6941,200
3209,12:05:24,3425.0751,209
3210,12:03:56,3425.24,100
3211,12:03:53,3424.795,300
3212,12:03:17,3425.44,100
3213,12:03:17,3425.05,900
3214,12:03:13,3424.19,100
3215,12:03:12,3424.276,100
3216,12:03:12,3424.2,100
3217,12:03:12,3424.2,100
3218,12:02:30,3425.5269,100
3219,12:02:29,3424.6693,180
3220,12:02:20,3425.0501,300
3221,12:02:05,3423.75,100
3222,12:01:42,3423.54,100
3223,12:01:42,3423.81,100
3224,12:01:42,3423.81,200
3225,12:01:42,3423.81,200
3226,12:01:42,3424.355,100
3227,12:01:42,3425.27,100
3228,12:01:42,3425.0,100
3229,12:01:42,3425.0,100
3230,12:01:39,3425.26,100
3231,12:01:36,3425.59,100
3232,12:01:36,3425.43,100
3233,12:01:36,3425.41,100
3234,12:01:35,3425.75,100
3235,12:01:35,3425.77,100
3236,12:01:35,3425.76,100
3237,12:01:07,3425.38,100
3238,12:00:45,3426.2,100
3239,12:59:34,3423.2,100
3240,12:59:18,3423.58,100
3241,12:59:16,3423.24,100
3242,12:56:57,3423.85,100
3243,12:56:35,3423.185,100
3244,12:56:35,3423.195,100
3245,12:56:35,3423.045,100
3246,12:56:23,3424.36,100
3247,12:56:22,3424.86,100
3248,12:56:18,3424.53,100
3249,12:56:17,3425.1,100
3250,12:56:17,3424.47,100
3251,12:56:17,3424.46,100
3252,12:56:07,3424.29,100
3253,12:55:46,3424.61,100
3254,12:55:46,3424.76,100
3255,12:55:17,3425.1393,300
3256,12:54:08,3425.5869,100
3257,12:54:04,3425.45,100
3258,12:53:20,3425.72,100
3259,12:52:55,3425.2783,150
3260,12:52:40,3424.07,100
3261,12:52:40,3424.51,100
3262,12:52:37,3425.31,100
3263,12:52:35,3425.9499,100
3264,12:52:25,3425.31,173
3265,12:51:44,3424.41,100
3266,12:51:17,3423.92,100
3267,12:51:15,3423.9416,300
3268,12:50:31,3423.82,100
3269,12:50:03,3423.4,100
3270,12:50:02,3423.835,100
3271,12:49:38,3422.29,100
3272,12:48:15,3421.2001,100
3273,12:48:13,3422.945,200
3274,12:48:03,3423.12,100
3275,12:48:02,3423.53,100
3276,12:45:40,3425.55,100
3277,12:44:23,3425.57,100
3278,12:43:57,3425.18,100
3279,12:43:36,3424.85,100
3280,12:43:36,3424.5706,100
3281,12:43:15,3424.855,100
3282,12:43:14,3424.7,100
3283,12:42:26,3425.63,100
3284,12:42:25,3425.44,100
3285,12:41:51,3426.565,100
3286,12:40:10,3425.81,100
3287,12:39:43,3425.86,101
3288,12:37:46,3426.99,100
3289,12:37:43,3426.52,100
3290,12:37:06,3427.72,100
3291,12:36:50,3427.41,100
3292,12:36:50,3427.41,100
3293,12:35:58,3426.845,100
3294,12:35:52,3426.11,150
3295,12:35:28,3427.44,100
3296,12:34:56,3428.37,100
3297,12:34:54,3428.015,100
3298,12:34:51,3427.64,100
3299,12:34:30,3427.0,100
3300,12:33:39,3426.48,100
3301,12:33:39,3426.68,100
3302,12:33:38,3426.94,100
3303,12:33:38,3426.84,100
3304,12:33:38,3426.785,234
3305,12:33:13,3425.67,100
3306,12:33:07,3425.5,100
3307,12:32:50,3427.22,100
3308,12:32:30,3427.05,100
3309,12:32:09,3427.11,119
3310,12:31:50,3426.36,100
3311,12:31:20,3426.39,100
3312,12:31:01,3426.9,100
3313,12:30:57,3426.9,100
3314,12:30:15,3426.1,1100
3315,12:30:14,3426.5,108
3316,12:30:14,3426.47,100
3317,12:30:14,3426.39,100
3318,12:30:14,3426.17,100
3319,12:30:14,3426.49,100
3320,12:30:14,3426.47,100
3321,12:30:14,3425.76,300
3322,12:30:14,3426.46,100
3323,12:30:14,3425.76,100
3324,12:30:14,3425.445,300
3325,12:30:01,3425.445,100
3326,13:29:21,3420.5,100
3327,13:28:00,3420.705,100
3328,13:27:44,3421.261,100
3329,13:25:53,3421.1,117
3330,13:25:10,3422.6499,400
3331,13:23:11,3420.635,100
3332,13:23:05,3420.275,100
3333,13:22:44,3420.487,411
3334,13:22:02,3420.2013,127
3335,13:21:38,3420.005,100
3336,13:21:36,3420.45,100
3337,13:21:36,3420.4,100
3338,13:21:32,3418.99,100
3339,13:20:51,3419.9401,120
3340,13:19:48,3418.69,100
3341,13:19:48,3418.73,100
3342,13:19:46,3418.57,100
3343,13:19:46,3417.3,100
3344,13:19:41,3418.01,100
3345,13:19:07,3419.36,100
3346,13:18:52,3419.59,100
3347,13:18:18,3419.36,100
3348,13:17:47,3419.305,100
3349,13:17:42,3420.0275,100
3350,13:17:19,3421.26,100
3351,13:17:19,3421.19,100
3352,13:15:45,3420.65,100
3353,13:15:27,3419.85,333
3354,13:15:21,3419.914,100
3355,13:14:56,3420.81,100
3356,13:14:55,3420.81,100
3357,13:14:52,3420.9625,100
3358,13:14:49,3421.54,100
3359,13:13:22,3421.3302,108
3360,13:13:14,3421.15,100
3361,13:13:02,3420.82,100
3362,13:12:47,3420.0201,550
3363,13:11:38,3420.04,100
3364,13:11:38,3420.04,100
3365,13:11:37,3419.73,100
3366,13:11:36,3419.64,100
3367,13:10:45,3419.28,100
3368,13:10:42,3418.9841,100
3369,13:10:40,3419.64,100
3370,13:10:31,3420.493,100
3371,13:10:14,3421.77,100
3372,13:10:00,3421.55,100
3373,13:08:45,3422.63,100
3374,13:08:45,3422.67,100
3375,13:08:33,3422.245,100
3376,13:08:20,3422.71,100
3377,13:08:20,3422.72,100
3378,13:07:55,3422.7139,101
3379,13:07:36,3422.08,100
3380,13:06:54,3421.4,100
3381,13:06:23,3422.28,100
3382,13:06:23,3422.4,100
3383,13:06:10,3423.013,158
3384,13:05:36,3424.235,100
3385,13:04:46,3423.97,100
3386,13:04:45,3423.96,100
3387,13:03:04,3424.24,110
3388,13:03:04,3424.33,100
3389,13:02:55,3423.91,100
3390,13:00:38,3423.115,100
3391,13:00:13,3423.64,100
3392,13:59:15,3421.015,100
3393,13:58:54,3421.481,100
3394,13:57:41,3420.814,100
3395,13:56:25,3421.62,100
3396,13:56:16,3421.95,100
3397,13:54:53,3421.865,100
3398,13:53:13,3421.47,100
3399,13:53:09,3421.2588,291
3400,13:53:09,3421.43,100
3401,13:52:58,3421.615,100
3402,13:51:58,3422.8563,100
3403,13:50:44,3423.07,100
3404,13:50:34,3422.68,100
3405,13:50:34,3422.68,100
3406,13:50:09,3422.4577,100
3407,13:48:39,3425.5,100
3408,13:47:56,3425.945,100
3409,13:47:54,3425.89,100
3410,13:47:50,3426.46,1000
3411,13:47:35,3426.44,100
3412,13:47:15,3426.4148,100
3413,13:47:15,3426.67,100
3414,13:46:17,3426.0,160
3415,13:46:17,3425.83,110
3416,13:46:17,3426.0,188
3417,13:46:14,3426.0,274
3418,13:45:12,3426.0,258
3419,13:44:48,3424.89,100
3420,13:44:48,3424.9,100
3421,13:44:48,3424.36,100
3422,13:44:37,3425.26,100
3423,13:43:47,3425.24,100
3424,13:43:47,3425.24,100
3425,13:43:16,3426.15,100
3426,13:43:16,3426.0,100
3427,13:43:03,3425.9217,140
3428,13:42:58,3425.65,100
3429,13:42:46,3424.64,100
3430,13:42:46,3424.64,100
3431,13:41:38,3425.1275,100
3432,13:40:16,3424.98,200
3433,13:40:08,3424.7975,291
3434,13:39:53,3424.8192,100
3435,13:39:15,3426.0999,400
3436,13:39:14,3425.43,100
3437,13:39:14,3425.29,100
3438,13:38:15,3425.57,100
3439,13:38:00,3424.665,100
3440,13:37:54,3424.98,150
3441,13:37:35,3423.265,200
3442,13:37:21,3423.0,150
3443,13:37:10,3422.8,100
3444,13:37:00,3422.37,100
3445,13:36:42,3421.625,100
3446,13:34:51,3422.41,100
3447,13:34:36,3423.2735,100
3448,13:32:57,3421.81,100
3449,13:32:56,3421.13,100
3450,13:32:17,3421.61,100
3451,13:32:12,3421.7125,190
3452,13:32:12,3421.952,100
3453,13:32:12,3421.96,100
3454,13:31:49,3422.855,100
3455,13:31:44,3422.7,100
3456,13:31:44,3422.75,100
3457,13:31:28,3422.29,100
3458,13:30:50,3421.84,100
3459,13:30:45,3422.133,125
3460,13:30:44,3422.5,100
3461,13:30:40,3422.1199,400
3462,14:29:41,3423.32,100
3463,14:29:36,3422.6,100
3464,14:28:44,3422.5766,412
3465,14:28:27,3421.07,100
3466,14:28:00,3420.5,100
3467,14:27:47,3420.94,100
3468,14:27:32,3420.58,100
3469,14:27:32,3420.98,100
3470,14:27:29,3420.5,250
3471,14:27:29,3420.51,1000
3472,14:27:01,3420.83,200
3473,14:26:14,3421.0736,258
3474,14:25:41,3421.18,100
3475,14:25:05,3422.0,100
3476,14:25:01,3422.0,100
3477,14:25:00,3423.3338,100
3478,14:25:00,3422.0,100
3479,14:24:58,3422.0,100
3480,14:24:56,3422.0,100
3481,14:24:55,3422.0,100
3482,14:24:55,3422.0,100
3483,14:24:49,3422.8034,300
3484,14:24:48,3422.795,100
3485,14:24:43,3422.0,100
3486,14:24:43,3422.0,100
3487,14:24:43,3422.0,100
3488,14:24:39,3423.27,100
3489,14:24:23,3423.2561,113
3490,14:24:17,3423.2,200
3491,14:24:17,3423.49,100
3492,14:24:04,3423.035,200
3493,14:23:44,3422.8732,131
3494,14:23:39,3423.09,100
3495,14:23:35,3423.09,100
3496,14:23:06,3423.27,100
3497,14:22:47,3423.57,100
3498,14:22:40,3423.4,100
3499,14:22:39,3424.29,100
3500,14:22:33,3424.59,100
3501,14:22:29,3424.125,100
3502,14:22:19,3423.73,100
3503,14:22:19,3424.025,100
3504,14:22:02,3424.7187,318
3505,14:22:02,3424.7187,429
3506,14:21:05,3424.61,100
3507,14:20:30,3424.68,100
3508,14:20:21,3424.87,100
3509,14:20:21,3424.87,100
3510,14:19:07,3424.64,100
3511,14:19:05,3424.35,100
3512,14:19:05,3424.36,100
3513,14:18:04,3424.955,100
3514,14:18:04,3424.955,100
3515,14:17:27,3424.96,100
3516,14:17:27,3424.95,100
3517,14:17:27,3424.89,100
3518,14:17:27,3424.95,100
3519,14:17:20,3425.21,320
3520,14:17:20,3425.2,100
3521,14:17:20,3425.18,100
3522,14:16:23,3424.09,100
3523,14:16:02,3423.425,100
3524,14:15:48,3423.2,100
3525,14:15:45,3423.05,100
3526,14:15:31,3422.75,100
3527,14:15:31,3422.77,100
3528,14:15:31,3422.75,100
3529,14:15:23,3422.485,100
3530,14:14:12,3423.45,100
3531,14:14:05,3423.35,100
3532,14:13:39,3422.84,100
3533,14:13:39,3422.82,100
3534,14:13:39,3422.85,100
3535,14:13:39,3422.84,100
3536,14:13:36,3422.84,100
3537,14:13:35,3422.0,370
3538,14:13:33,3422.2718,400
3539,14:13:31,3422.9299,131
3540,14:13:28,3422.42,100
3541,14:12:35,3423.57,177
3542,14:11:55,3422.665,100
3543,14:11:55,3422.66,200
3544,14:11:44,3422.66,100
3545,14:11:00,3422.855,100
3546,14:10:51,3423.57,100
3547,14:10:31,3423.515,100
3548,14:09:51,3422.5,100
3549,14:09:49,3422.85,100
3550,14:09:43,3422.8,100
3551,14:09:38,3422.65,100
3552,14:09:38,3422.47,100
3553,14:09:28,3422.225,100
3554,14:08:06,3422.015,100
3555,14:06:51,3421.35,100
3556,14:06:51,3421.13,100
3557,14:06:48,3421.14,1707
3558,14:05:38,3421.59,100
3559,14:04:59,3421.125,100
3560,14:04:08,3422.64,100
3561,14:04:00,3422.8375,220
3562,14:04:00,3422.84,100
3563,14:03:36,3422.41,100
3564,14:03:11,3420.2201,100
3565,14:02:49,3420.97,100
3566,14:02:48,3420.94,100
3567,14:02:45,3419.6075,292
3568,14:02:17,3418.528,100
3569,14:02:17,3419.75,100
3570,14:02:17,3419.38,100
3571,14:01:53,3420.45,100
3572,14:01:42,3421.0,100
3573,14:01:08,3421.63,100
3574,14:01:08,3421.35,100
3575,14:00:49,3421.435,100
3576,14:00:21,3422.54,100
3577,14:00:15,3422.15,100
3578,14:59:59,3433.09,100
3579,14:59:56,3433.66,100
3580,14:59:56,3433.09,100
3581,14:59:56,3433.4,100
3582,14:59:56,3433.765,100
3583,14:59:56,3434.055,100
3584,14:59:55,3434.87,100
3585,14:59:55,3434.46,100
3586,14:59:55,3434.53,100
3587,14:59:53,3435.035,130
3588,14:59:53,3435.505,100
3589,14:59:45,3434.65,1000
3590,14:59:33,3434.0,100
3591,14:59:33,3434.0,100
3592,14:59:33,3432.88,100
3593,14:59:33,3433.83,100
3594,14:59:33,3432.88,100
3595,14:59:33,3433.57,100
3596,14:59:33,3432.88,100
3597,14:59:27,3432.685,100
3598,14:59:13,3432.37,100
3599,14:59:07,3431.15,100
3600,14:59:01,3430.28,100
3601,14:58:49,3430.59,100
3602,14:58:44,3430.9995,100
3603,14:58:44,3431.0,120
3604,14:58:37,3430.0,200
3605,14:58:25,3429.9595,100
3606,14:58:24,3429.95,120
3607,14:58:19,3428.88,100
3608,14:58:19,3428.88,100
3609,14:58:13,3428.134,100
3610,14:58:06,3428.8891,100
3611,14:58:03,3428.91,100
3612,14:58:03,3428.95,100
3613,14:58:01,3428.5,100
3614,14:58:01,3428.5,100
3615,14:58:01,3428.5,100
3616,14:58:00,3428.39,100
3617,14:58:00,3428.43,100
3618,14:57:55,3428.5,112
3619,14:57:50,3428.195,100
3620,14:57:48,3428.5,394
3621,14:57:48,3428.4,100
3622,14:57:43,3428.25,100
3623,14:57:34,3428.8,100
3624,14:57:27,3428.9867,197
3625,14:57:27,3428.9867,721
3626,14:57:27,3429.72,100
3627,14:57:26,3429.8,409
3628,14:57:26,3429.8,492
3629,14:57:26,3429.82,100
3630,14:57:26,3429.82,100
3631,14:57:26,3429.6,100
3632,14:57:26,3429.7,100
3633,14:57:26,3429.83,100
3634,14:57:26,3429.61,100
3635,14:57:12,3430.48,100
3636,14:57:00,3430.52,250
3637,14:56:42,3430.0503,202
3638,14:56:40,3429.0,100
3639,14:56:40,3429.04,100
3640,14:56:32,3429.87,100
3641,14:56:27,3429.88,103
3642,14:56:27,3430.03,100
3643,14:56:15,3429.48,100
3644,14:56:05,3429.6,100
3645,14:56:04,3429.48,400
3646,14:56:04,3429.5999,100
3647,14:56:04,3429.5999,100
3648,14:56:04,3429.6,100
3649,14:56:04,3429.5999,200
3650,14:56:04,3429.6,200
3651,14:56:04,3429.6,100
3652,14:56:04,3429.5999,100
3653,14:55:53,3429.54,100
3654,14:55:43,3429.19,100
3655,14:55:41,3429.0,100
3656,14:55:41,3429.0,100
3657,14:55:40,3428.95,100
3658,14:55:40,3428.9999,100
3659,14:55:40,3429.0,100
3660,14:55:40,3428.95,190
3661,14:55:40,3428.9999,190
3662,14:55:40,3428.9835,100
3663,14:55:39,3428.0,707
3664,14:55:39,3428.0,150
3665,14:55:39,3428.0,100
3666,14:55:39,3428.33,100
3667,14:55:38,3427.55,560
3668,14:55:38,3427.55,287
3669,14:55:29,3426.865,100
3670,14:55:16,3426.99,100
3671,14:55:11,3426.84,177
3672,14:55:06,3426.46,2000
3673,14:54:48,3425.66,104
3674,14:54:48,3425.66,100
3675,14:54:46,3425.96,100
3676,14:54:32,3426.6754,100
3677,14:54:30,3426.335,200
3678,14:54:21,3426.665,100
3679,14:54:21,3426.12,100
3680,14:54:16,3426.26,100
3681,14:54:11,3426.73,101
3682,14:54:11,3426.175,100
3683,14:54:09,3427.0,100
3684,14:54:09,3426.27,100
3685,14:54:09,3426.22,100
3686,14:54:09,3426.22,100
3687,14:54:09,3425.3,100
3688,14:54:09,3424.85,100
3689,14:54:09,3424.85,100
3690,14:54:09,3424.84,100
3691,14:54:09,3424.82,100
3692,14:54:09,3424.8,100
3693,14:54:09,3424.75,100
3694,14:54:09,3424.8,100
3695,14:54:09,3424.75,100
3696,14:53:35,3425.36,100
3697,14:53:24,3424.585,100
3698,14:53:17,3424.31,100
3699,14:53:17,3425.31,100
3700,14:53:17,3424.3,100
3701,14:53:01,3425.25,326
3702,14:52:54,3425.0,100
3703,14:52:47,3424.73,100
3704,14:52:46,3424.73,100
3705,14:52:41,3423.66,100
3706,14:52:38,3424.17,100
3707,14:52:26,3422.93,100
3708,14:52:02,3424.4,100
3709,14:52:01,3423.9,100
3710,14:51:21,3423.02,100
3711,14:51:07,3422.63,198
3712,14:50:48,3422.15,100
3713,14:50:14,3421.82,100
3714,14:50:14,3421.68,100
3715,14:49:42,3421.6,200
3716,14:49:39,3421.68,100
3717,14:48:50,3420.0,100
3718,14:48:26,3420.0,100
3719,14:48:13,3420.47,100
3720,14:45:20,3421.67,100
3721,14:43:22,3421.605,100
3722,14:40:25,3423.24,100
3723,14:40:25,3423.24,100
3724,14:40:25,3423.38,100
3725,14:40:25,3423.55,100
3726,14:40:22,3423.54,100
3727,14:40:07,3423.155,100
3728,14:39:20,3423.14,100
3729,14:39:20,3423.115,100
3730,14:39:20,3423.1175,100
3731,14:39:20,3423.115,100
3732,14:39:15,3423.11,400
3733,14:38:49,3423.015,100
3734,14:38:49,3423.065,100
3735,14:38:49,3423.01,100
3736,14:38:49,3423.025,100
3737,14:38:49,3422.945,100
3738,14:38:49,3423.29,100
3739,14:38:45,3423.0,100
3740,14:38:45,3423.1473,178
3741,14:37:27,3422.5,100
3742,14:37:27,3422.75,100
3743,14:37:13,3423.065,100
3744,14:36:54,3423.03,250
3745,14:36:20,3422.66,100
3746,14:36:20,3422.66,100
3747,14:34:19,3423.5147,100
3748,14:33:17,3423.495,100
3749,14:32:31,3423.62,100
3750,14:31:29,3423.29,100
3751,14:31:29,3422.95,100
3752,14:31:29,3422.95,100
3753,14:31:28,3422.59,100
3754,15:29:53,3437.0,100
3755,15:28:43,3438.51,100
3756,15:28:43,3438.51,100
3757,15:28:43,3438.51,100
3758,15:28:43,3438.4034,180
3759,15:28:36,3438.995,100
3760,15:28:21,3439.28,110
3761,15:28:18,3439.0,100
3762,15:28:18,3439.0,100
3763,15:28:15,3439.15,125
3764,15:28:04,3439.76,100
3765,15:27:43,3439.575,171
3766,15:27:42,3439.17,100
3767,15:27:42,3439.17,100
3768,15:27:40,3439.58,100
3769,15:27:35,3439.34,100
3770,15:27:26,3439.0,100
3771,15:27:26,3438.98,100
3772,15:27:26,3439.0,100
3773,15:27:23,3438.01,100
3774,15:27:07,3439.31,100
3775,15:27:03,3438.5,100
3776,15:27:03,3440.0,200
3777,15:27:02,3439.72,100
3778,15:27:02,3439.75,100
3779,15:27:02,3439.75,200
3780,15:27:02,3439.42,100
3781,15:27:02,3439.42,100
3782,15:27:02,3438.86,100
3783,15:27:02,3438.0,100
3784,15:26:26,3437.16,100
3785,15:26:24,3437.1374,150
3786,15:26:16,3437.25,500
3787,15:25:36,3437.52,100
3788,15:25:27,3437.82,100
3789,15:25:24,3437.95,100
3790,15:25:24,3437.44,100
3791,15:25:20,3436.2,100
3792,15:25:06,3436.26,100
3793,15:24:41,3435.57,449
3794,15:24:27,3435.49,100
3795,15:23:07,3435.8,100
3796,15:23:07,3435.09,100
3797,15:23:07,3434.8,100
3798,15:23:07,3434.87,100
3799,15:22:30,3434.1511,100
3800,15:22:19,3434.75,100
3801,15:22:14,3435.2299,500
3802,15:21:59,3434.588,307
3803,15:21:59,3434.588,155
3804,15:21:58,3434.585,100
3805,15:21:55,3434.98,100
3806,15:21:54,3436.05,300
3807,15:21:54,3436.445,500
3808,15:21:52,3436.12,100
3809,15:21:52,3436.08,100
3810,15:21:35,3436.635,500
3811,15:21:34,3436.1,237
3812,15:21:34,3436.1,128
3813,15:21:00,3436.85,100
3814,15:20:56,3436.6,100
3815,15:20:53,3436.17,100
3816,15:20:50,3436.75,100
3817,15:20:50,3436.75,100
3818,15:20:39,3437.31,100
3819,15:20:39,3437.715,100
3820,15:20:39,3437.24,100
3821,15:20:31,3436.82,100
3822,15:20:31,3436.83,100
3823,15:20:31,3436.925,100
3824,15:20:31,3437.71,100
3825,15:20:29,3438.95,1316
3826,15:20:10,3438.0,132
3827,15:19:53,3439.17,100
3828,15:19:53,3439.17,100
3829,15:19:42,3438.8,100
3830,15:19:30,3438.26,100
3831,15:19:30,3438.26,100
3832,15:19:09,3438.02,100
3833,15:19:08,3438.21,100
3834,15:19:08,3438.21,100
3835,15:19:02,3439.66,100
3836,15:18:59,3438.28,500
3837,15:18:57,3439.81,100
3838,15:18:55,3438.86,100
3839,15:18:55,3438.805,100
3840,15:18:48,3437.7,100
3841,15:18:48,3437.7,100
3842,15:18:48,3437.7,100
3843,15:18:48,3437.61,100
3844,15:18:34,3436.14,100
3845,15:18:30,3435.82,100
3846,15:18:08,3435.85,100
3847,15:17:48,3434.97,100
3848,15:17:31,3435.4,100
3849,15:17:31,3435.4,100
3850,15:17:25,3435.7,100
3851,15:17:21,3435.5,100
3852,15:17:19,3435.8333,170
3853,15:17:19,3435.2254,350
3854,15:17:10,3435.2,100
3855,15:17:10,3435.77,100
3856,15:17:10,3434.66,100
3857,15:17:10,3434.52,100
3858,15:17:08,3434.12,100
3859,15:17:04,3433.915,100
3860,15:16:54,3434.945,100
3861,15:16:47,3435.1,218
3862,15:15:13,3434.59,145
3863,15:15:11,3435.18,100
3864,15:14:37,3435.115,100
3865,15:14:32,3435.34,100
3866,15:14:32,3435.34,100
3867,15:14:32,3435.32,100
3868,15:14:32,3434.83,100
3869,15:14:32,3435.0,100
3870,15:13:41,3432.82,100
3871,15:13:39,3433.405,150
3872,15:13:33,3433.0,100
3873,15:13:25,3433.43,100
3874,15:12:19,3433.24,100
3875,15:12:15,3430.99,100
3876,15:12:15,3431.0,100
3877,15:12:09,3429.06,100
3878,15:12:09,3429.06,100
3879,15:12:09,3429.06,100
3880,15:11:57,3430.995,100
3881,15:11:53,3430.795,100
3882,15:11:51,3430.79,100
3883,15:11:49,3429.67,200
3884,15:11:49,3429.805,100
3885,15:11:46,3431.14,100
3886,15:11:46,3431.87,100
3887,15:11:45,3433.07,100
3888,15:11:45,3433.08,100
3889,15:11:45,3433.0,100
3890,15:11:45,3432.95,100
3891,15:11:45,3431.24,100
3892,15:11:45,3433.0549,100
3893,15:11:44,3433.0,100
3894,15:11:44,3432.95,100
3895,15:11:44,3434.29,100
3896,15:11:40,3434.785,100
3897,15:11:36,3434.43,100
3898,15:11:36,3434.43,100
3899,15:11:36,3434.562,100
3900,15:11:36,3434.56,100
3901,15:11:27,3433.78,109
3902,15:11:13,3438.195,100
3903,15:10:38,3438.9401,100
3904,15:10:23,3439.33,100
3905,15:10:18,3439.32,100
3906,15:09:37,3440.04,100
3907,15:09:19,3440.525,100
3908,15:09:16,3440.2801,100
3909,15:09:16,3441.085,100
3910,15:09:15,3440.02,100
3911,15:09:12,3441.0,300
3912,15:09:12,3440.71,200
3913,15:09:10,3440.44,100
3914,15:09:10,3440.41,200
3915,15:09:08,3439.71,100
3916,15:09:08,3439.61,200
3917,15:09:08,3439.89,100
3918,15:09:08,3439.9,100
3919,15:09:08,3439.89,100
3920,15:09:08,3439.9,100
3921,15:09:07,3439.18,200
3922,15:09:07,3438.98,100
3923,15:09:07,3438.71,100
3924,15:09:07,3439.0,460
3925,15:08:57,3439.16,200
3926,15:08:53,3438.74,100
3927,15:08:41,3439.0,100
3928,15:08:27,3438.85,100
3929,15:08:22,3438.72,100
3930,15:07:42,3439.21,100
3931,15:07:42,3439.56,100
3932,15:07:42,3439.56,100
3933,15:07:40,3439.58,100
3934,15:07:38,3438.84,100
3935,15:07:38,3438.74,100
3936,15:07:38,3438.61,100
3937,15:07:38,3438.82,380
3938,15:07:38,3438.82,200
3939,15:07:38,3438.84,100
3940,15:07:38,3438.84,100
3941,15:07:38,3438.41,100
3942,15:07:38,3438.81,100
3943,15:07:38,3438.82,100
3944,15:07:38,3438.725,100
3945,15:07:33,3437.93,100
3946,15:07:27,3437.8506,100
3947,15:07:27,3437.8504,100
3948,15:07:27,3437.8504,100
3949,15:07:27,3437.87,100
3950,15:07:23,3437.155,100
3951,15:07:06,3439.0,100
3952,15:07:03,3440.79,264
3953,15:06:54,3439.6935,190
3954,15:06:54,3440.0105,100
3955,15:06:54,3440.0327,100
3956,15:06:45,3441.105,100
3957,15:06:39,3441.7688,200
3958,15:06:27,3442.22,100
3959,15:06:25,3442.935,100
3960,15:06:25,3442.43,100
3961,15:06:10,3443.25,100
3962,15:05:57,3443.0188,400
3963,15:05:56,3443.0,100
3964,15:05:52,3442.34,100
3965,15:05:45,3442.72,190
3966,15:05:39,3442.93,100
3967,15:05:34,3442.4,731
3968,15:05:34,3442.4,394
3969,15:05:33,3443.0,100
3970,15:05:33,3443.0,296
3971,15:05:33,3443.0,100
3972,15:05:33,3443.0,100
3973,15:05:33,3443.0,100
3974,15:05:33,3443.0,150
3975,15:05:32,3443.0,418
3976,15:05:32,3443.0,100
3977,15:05:32,3443.01,100
3978,15:05:31,3443.0,100
3979,15:05:31,3443.0,446
3980,15:05:31,3443.0,100
3981,15:05:31,3443.0,116
3982,15:05:28,3442.4934,300
3983,15:05:28,3442.0,100
3984,15:05:28,3441.94,100
3985,15:05:28,3441.94,100
3986,15:05:28,3441.99,100
3987,15:05:22,3440.6514,100
3988,15:05:21,3439.6,100
3989,15:05:05,3439.97,100
3990,15:05:05,3439.75,100
3991,15:05:05,3439.97,100
3992,15:05:05,3439.89,100
3993,15:05:02,3439.96,100
3994,15:04:55,3439.49,100
3995,15:04:29,3439.0,100
3996,15:04:29,3439.0,100
3997,15:04:26,3438.9965,100
3998,15:04:08,3438.29,100
3999,15:04:06,3438.32,100
4000,15:04:02,3438.44,100
4001,15:04:02,3438.44,100
4002,15:03:44,3437.885,100
4003,15:03:41,3437.01,100
4004,15:03:08,3438.0,100
4005,15:03:05,3438.01,100
4006,15:02:56,3438.0,100
4007,15:02:49,3438.035,100
4008,15:02:47,3437.73,100
4009,15:02:47,3438.0,100
4010,15:02:45,3437.94,100
4011,15:02:39,3437.195,150
4012,15:02:37,3437.82,100
4013,15:02:37,3437.61,100
4014,15:02:37,3437.22,175
4015,15:02:30,3436.43,100
4016,15:02:28,3436.7,100
4017,15:02:25,3438.19,100
4018,15:02:24,3438.2,100
4019,15:02:24,3437.6316,300
4020,15:02:22,3437.04,100
4021,15:02:22,3437.04,100
4022,15:02:21,3437.93,100
4023,15:02:21,3437.93,100
4024,15:02:15,3436.48,100
4025,15:02:15,3436.51,100
4026,15:02:13,3436.125,100
4027,15:02:11,3436.18,100
4028,15:02:10,3436.63,100
4029,15:02:08,3435.56,100
4030,15:02:00,3434.798,200
