,NLS Time (ET),NLS Price,NLS Share Volume
0,09:59:59,3278.84,100
1,09:59:57,3278.84,100
2,09:59:52,3279.535,1000
3,09:59:50,3279.95,100
4,09:59:50,3280.0,100
5,09:59:44,3279.53,100
6,09:59:39,3280.9784,500
7,09:59:38,3280.93,100
8,09:59:38,3281.0,100
9,09:59:37,3280.68,400
10,09:59:25,3281.01,102
11,09:59:21,3280.11,1500
12,09:59:13,3281.32,100
13,09:59:07,3282.12,100
14,09:59:07,3281.99,100
15,09:59:03,3280.365,100
16,09:58:53,3281.1178,250
17,09:58:48,3281.79,100
18,09:58:47,3281.79,151
19,09:58:40,3282.935,100
20,09:58:36,3283.02,100
21,09:58:31,3281.17,102
22,09:58:23,3283.0,100
23,09:58:19,3282.0,200
24,09:58:19,3282.0,231
25,09:58:19,3281.86,100
26,09:58:14,3279.95,150
27,09:58:09,3278.8694,100
28,09:58:00,3280.14,100
29,09:57:42,3280.3709,110
30,09:57:42,3281.0,100
31,09:57:32,3280.2,500
32,09:57:32,3280.2,100
33,09:57:29,3280.49,100
34,09:57:29,3280.49,100
35,09:57:29,3279.25,100
36,09:57:23,3279.395,200
37,09:57:02,3280.0,100
38,09:57:02,3280.0,100
39,09:57:02,3279.97,100
40,09:56:52,3280.21,139
41,09:56:46,3279.52,102
42,09:56:44,3278.54,144
43,09:56:37,3278.01,100
44,09:56:37,3278.01,100
45,09:56:35,3278.0,100
46,09:56:29,3281.53,100
47,09:56:27,3282.0,200
48,09:56:27,3281.33,100
49,09:56:25,3280.5781,102
50,09:56:24,3282.0,200
51,09:56:22,3281.04,100
52,09:56:18,3281.95,100
53,09:56:18,3281.44,100
54,09:56:18,3280.765,1000
55,09:56:17,3281.9268,1000
56,09:56:11,3283.2,754
57,09:56:11,3280.4,100
58,09:56:11,3280.9,100
59,09:56:10,3281.37,100
60,09:56:08,3283.8,100
61,09:56:08,3281.6901,1000
62,09:56:07,3283.325,150
63,09:56:05,3283.7894,102
64,09:56:02,3282.75,100
65,09:55:59,3280.05,100
66,09:55:59,3280.05,100
67,09:55:56,3280.3021,100
68,09:55:53,3280.65,1000
69,09:55:52,3279.915,1000
70,09:55:51,3280.0,400
71,09:55:49,3278.08,111
72,09:55:49,3278.08,100
73,09:55:49,3276.28,100
74,09:55:44,3277.76,100
75,09:55:40,3277.275,100
76,09:55:37,3276.4,100
77,09:55:35,3277.0,100
78,09:55:31,3276.9999,1000
79,09:55:31,3275.48,100
80,09:55:31,3275.6602,102
81,09:55:31,3275.48,100
82,09:55:31,3275.49,100
83,09:55:30,3275.48,100
84,09:55:30,3275.48,200
85,09:55:30,3275.48,300
86,09:55:30,3274.98,100
87,09:55:30,3274.98,100
88,09:55:30,3275.48,100
89,09:55:30,3274.98,200
90,09:55:30,3274.98,300
91,09:55:30,3275.48,129
92,09:55:30,3274.98,129
93,09:55:23,3275.1899,223
94,09:55:23,3273.47,500
95,09:55:23,3275.19,223
96,09:55:23,3275.19,200
97,09:55:22,3273.365,102
98,09:55:22,3273.365,1000
99,09:55:22,3272.4,100
100,09:55:21,3274.325,1000
101,09:55:10,3273.305,100
102,09:55:04,3273.76,100
103,09:55:04,3273.76,100
104,09:55:02,3273.58,100
105,09:55:02,3273.58,100
106,09:55:02,3273.58,100
107,09:55:02,3273.58,100
108,09:55:02,3273.58,100
109,09:55:00,3273.955,1000
110,09:54:59,3273.8118,110
111,09:54:59,3273.8118,139
112,09:54:59,3274.57,100
113,09:54:59,3274.57,188
114,09:54:59,3273.8118,463
115,09:54:57,3274.53,100
116,09:54:56,3274.2,100
117,09:54:49,3275.21,100
118,09:54:48,3275.22,100
119,09:54:39,3277.4,427
120,09:54:39,3276.636,427
121,09:54:32,3278.0,643
122,09:54:28,3277.99,100
123,09:54:25,3277.015,100
124,09:54:19,3276.64,200
125,09:54:13,3275.635,100
126,09:54:12,3274.902,200
127,09:54:11,3275.59,100
128,09:54:09,3276.4654,200
129,09:54:08,3276.28,100
130,09:53:58,3277.76,100
131,09:53:58,3277.77,100
132,09:53:56,3275.681,100
133,09:53:50,3276.53,100
134,09:53:50,3276.705,150
135,09:53:43,3278.8,100
136,09:53:43,3279.1,250
137,09:53:36,3277.925,100
138,09:53:35,3277.68,100
139,09:53:34,3277.68,100
140,09:53:34,3277.68,100
141,09:53:33,3277.95,100
142,09:53:33,3277.3519,100
143,09:53:31,3277.34,100
144,09:53:24,3276.56,100
145,09:53:14,3276.92,300
146,09:53:14,3276.92,300
147,09:53:08,3275.8625,100
148,09:53:08,3275.905,100
149,09:53:04,3274.8801,100
150,09:53:03,3275.6433,300
151,09:53:03,3275.486,288
152,09:53:03,3275.0,288
153,09:53:03,3275.486,159
154,09:53:03,3275.0,200
155,09:53:03,3275.6027,200
156,09:53:03,3275.64,100
157,09:53:02,3276.41,200
158,09:53:02,3276.41,100
159,09:53:02,3276.21,100
160,09:53:00,3274.765,100
161,09:53:00,3276.4,100
162,09:52:57,3275.54,100
163,09:52:55,3274.74,100
164,09:52:53,3275.94,100
165,09:52:47,3275.29,100
166,09:52:47,3275.31,100
167,09:52:47,3275.31,100
168,09:52:46,3274.89,200
169,09:52:46,3274.89,174
170,09:52:38,3275.31,300
171,09:52:37,3275.31,100
172,09:52:31,3276.845,100
173,09:52:30,3275.6,100
174,09:52:26,3275.8576,374
175,09:52:24,3275.8,100
176,09:52:20,3274.4475,200
177,09:52:20,3275.79,100
178,09:52:20,3274.1998,248
179,09:52:20,3274.1998,290
180,09:52:17,3274.03,168
181,09:52:16,3274.915,100
182,09:52:15,3274.915,150
183,09:52:09,3275.05,100
184,09:52:08,3275.86,100
185,09:52:07,3275.855,200
186,09:51:56,3276.54,200
187,09:51:56,3276.89,194
188,09:51:55,3275.491,100
189,09:51:52,3276.5,100
190,09:51:52,3276.5,100
191,09:51:49,3274.03,200
192,09:51:49,3274.04,100
193,09:51:49,3274.06,100
194,09:51:49,3274.06,100
195,09:51:49,3274.06,100
196,09:51:49,3275.0,200
197,09:51:46,3274.955,100
198,09:51:46,3275.0,100
199,09:51:46,3275.0,308
200,09:51:46,3275.0,172
201,09:51:46,3275.0,697
202,09:51:46,3275.0,100
203,09:51:42,3275.53,100
204,09:51:40,3276.17,100
205,09:51:32,3278.465,100
206,09:51:28,3278.5717,300
207,09:51:27,3278.62,100
208,09:51:27,3278.62,600
209,09:51:26,3280.83,100
210,09:51:20,3280.911,100
211,09:51:19,3281.83,100
212,09:51:16,3280.99,100
213,09:51:16,3280.98,100
214,09:51:16,3280.99,100
215,09:51:16,3280.98,100
216,09:51:16,3280.98,100
217,09:51:16,3281.36,100
218,09:51:14,3281.9083,130
219,09:51:14,3282.81,100
220,09:51:09,3281.665,200
221,09:51:08,3282.78,100
222,09:51:07,3280.4901,1000
223,09:51:07,3282.95,100
224,09:51:07,3281.95,100
225,09:51:06,3281.245,1000
226,09:51:06,3280.4901,1000
227,09:51:05,3281.99,100
228,09:51:02,3280.0,200
229,09:51:02,3280.0,205
230,09:50:53,3278.81,100
231,09:50:53,3277.89,100
232,09:50:47,3277.8,100
233,09:50:47,3277.8,100
234,09:50:47,3277.95,100
235,09:50:46,3276.5,150
236,09:50:46,3276.505,800
237,09:50:46,3276.505,200
238,09:50:45,3277.7895,1000
239,09:50:43,3277.15,100
240,09:50:43,3277.12,100
241,09:50:43,3277.15,112
242,09:50:28,3277.71,100
243,09:50:28,3277.96,100
244,09:50:27,3276.51,101
245,09:50:27,3276.62,107
246,09:50:27,3276.9733,304
247,09:50:27,3277.11,100
248,09:50:27,3277.56,200
249,09:50:26,3276.9263,421
250,09:50:26,3279.85,305
251,09:50:25,3276.9436,100
252,09:50:25,3276.9044,832
253,09:50:16,3282.0,100
254,09:50:14,3282.245,150
255,09:50:14,3282.06,100
256,09:50:14,3282.06,100
257,09:50:14,3282.55,100
258,09:50:14,3282.05,100
259,09:50:14,3282.05,100
260,09:50:14,3282.05,200
261,09:50:14,3282.06,100
262,09:50:14,3282.06,100
263,09:50:14,3282.05,100
264,09:50:14,3282.05,100
265,09:50:10,3280.0,100
266,09:50:10,3280.0,100
267,09:50:10,3281.945,100
268,09:50:04,3282.05,100
269,09:50:04,3282.05,100
270,09:50:03,3282.05,117
271,09:50:03,3282.05,100
272,09:50:03,3282.995,102
273,09:50:03,3282.05,100
274,09:50:03,3282.995,100
275,09:50:02,3282.05,100
276,09:50:02,3282.05,100
277,09:50:01,3281.14,100
278,09:50:01,3281.15,100
279,09:50:01,3280.02,1000
280,09:50:01,3280.94,100
281,09:50:01,3280.94,140
282,09:50:01,3280.44,100
283,09:50:01,3280.44,140
284,09:50:00,3280.95,100
285,09:50:00,3280.63,100
286,09:50:00,3280.45,100
287,09:50:00,3280.95,200
288,09:50:00,3280.45,200
289,09:50:00,3280.95,101
290,09:50:00,3280.95,101
291,09:50:00,3280.95,101
292,09:50:00,3280.95,101
293,09:50:00,3280.95,100
294,09:50:00,3280.2833,289
295,09:50:00,3280.44,100
296,09:50:00,3280.44,100
297,09:50:00,3280.45,100
298,09:50:00,3280.94,100
299,09:50:00,3280.95,100
300,09:49:55,3280.99,100
301,09:49:53,3281.0,100
302,09:49:49,3282.05,100
303,09:49:49,3280.91,102
304,09:49:44,3280.82,100
305,09:49:44,3280.8099,1000
306,09:49:44,3278.19,100
307,09:49:44,3280.81,100
308,09:49:44,3280.5,200
309,09:49:44,3280.5,100
310,09:49:44,3280.0,200
311,09:49:44,3280.0,100
312,09:49:44,3280.5,100
313,09:49:44,3280.0,100
314,09:49:43,3281.9799,1000
315,09:49:41,3280.0,100
316,09:49:35,3282.02,100
317,09:49:31,3282.07,100
318,09:49:31,3282.07,100
319,09:49:26,3283.6687,100
320,09:49:21,3283.56,100
321,09:49:20,3281.68,800
322,09:49:20,3282.49,102
323,09:49:13,3283.1,100
324,09:49:13,3283.03,100
325,09:49:10,3282.67,300
326,09:49:09,3282.22,104
327,09:49:08,3284.51,100
328,09:49:08,3284.51,100
329,09:49:08,3283.03,1000
330,09:49:08,3284.01,100
331,09:49:08,3284.01,100
332,09:49:08,3284.51,184
333,09:49:08,3284.51,100
334,09:49:08,3284.51,200
335,09:49:08,3284.51,100
336,09:49:08,3284.51,100
337,09:49:08,3284.51,100
338,09:49:08,3285.002,100
339,09:49:08,3285.0,100
340,09:49:07,3285.99,100
341,09:49:07,3285.94,100
342,09:49:06,3284.309,100
343,09:49:05,3285.98,100
344,09:49:04,3285.83,100
345,09:49:01,3284.03,100
346,09:48:57,3283.31,100
347,09:48:56,3282.7638,1000
348,09:48:49,3284.3999,100
349,09:48:48,3285.1,526
350,09:48:48,3284.38,200
351,09:48:41,3285.55,100
352,09:48:41,3286.14,100
353,09:48:41,3285.56,100
354,09:48:41,3285.56,100
355,09:48:38,3284.99,140
356,09:48:32,3283.57,150
357,09:48:31,3283.6101,1000
358,09:48:30,3284.85,1000
359,09:48:30,3284.26,165
360,09:48:29,3285.84,102
361,09:48:27,3286.6699,150
362,09:48:26,3285.11,100
363,09:48:26,3286.0,100
364,09:48:26,3285.11,100
365,09:48:25,3285.11,215
366,09:48:19,3284.74,100
367,09:48:18,3286.18,100
368,09:48:14,3283.0001,180
369,09:48:11,3286.53,100
370,09:48:11,3287.7136,102
371,09:48:11,3288.0,196
372,09:48:11,3286.0,133
373,09:48:10,3287.0,100
374,09:48:08,3286.95,153
375,09:48:06,3286.42,100
376,09:48:03,3285.75,100
377,09:47:55,3284.23,100
378,09:47:47,3282.895,100
379,09:47:44,3283.1502,100
380,09:47:38,3284.3,100
381,09:47:38,3285.79,200
382,09:47:37,3284.57,100
383,09:47:32,3280.32,165
384,09:47:22,3280.1995,112
385,09:47:22,3279.28,100
386,09:47:18,3280.115,102
387,09:47:15,3280.01,103
388,09:47:13,3284.7023,100
389,09:47:12,3283.235,100
390,09:47:12,3283.52,104
391,09:47:11,3286.64,1000
392,09:47:11,3286.165,180
393,09:47:10,3286.0301,1000
394,09:47:10,3287.89,100
395,09:47:10,3287.89,100
396,09:47:09,3287.91,125
397,09:47:05,3287.325,102
398,09:47:05,3287.0,100
399,09:47:03,3286.0298,200
400,09:47:01,3286.24,100
401,09:46:58,3286.37,100
402,09:46:58,3286.39,100
403,09:46:58,3286.39,288
404,09:46:55,3285.025,125
405,09:46:52,3284.325,300
406,09:46:51,3284.4999,100
407,09:46:51,3284.4999,100
408,09:46:51,3284.5,100
409,09:46:50,3284.5,100
410,09:46:50,3284.45,100
411,09:46:49,3283.35,200
412,09:46:49,3283.905,100
413,09:46:49,3284.5,100
414,09:46:49,3284.0399,100
415,09:46:49,3284.0399,100
416,09:46:49,3284.04,100
417,09:46:48,3283.7786,100
418,09:46:45,3284.78,100
419,09:46:44,3284.0616,300
420,09:46:44,3284.145,100
421,09:46:42,3284.78,100
422,09:46:36,3281.21,500
423,09:46:34,3280.57,100
424,09:46:34,3280.77,100
425,09:46:32,3281.0858,882
426,09:46:32,3280.5401,100
427,09:46:27,3282.3954,100
428,09:46:25,3281.345,100
429,09:46:24,3283.0637,100
430,09:46:16,3283.8018,200
431,09:46:12,3286.0,100
432,09:46:11,3284.99,100
433,09:46:11,3285.0,100
434,09:46:11,3285.0,250
435,09:46:11,3285.0,100
436,09:46:11,3284.9,100
437,09:46:10,3283.85,100
438,09:46:09,3283.38,100
439,09:46:09,3283.0,100
440,09:46:09,3283.0,142
441,09:46:09,3283.0,100
442,09:46:05,3281.63,100
443,09:46:03,3283.0,100
444,09:46:03,3283.0,100
445,09:46:02,3281.8318,111
446,09:46:02,3281.78,100
447,09:46:02,3281.8318,139
448,09:46:00,3283.0,100
449,09:45:58,3281.62,100
450,09:45:58,3281.62,100
451,09:45:58,3281.6,100
452,09:45:57,3282.035,100
453,09:45:57,3280.87,100
454,09:45:57,3282.035,100
455,09:45:54,3282.655,100
456,09:45:54,3283.0,115
457,09:45:54,3283.0,100
458,09:45:53,3283.0,100
459,09:45:53,3283.0,100
460,09:45:53,3283.32,100
461,09:45:53,3283.0,100
462,09:45:50,3283.0,100
463,09:45:48,3281.88,100
464,09:45:47,3281.74,100
465,09:45:47,3282.0,100
466,09:45:43,3280.9947,100
467,09:45:38,3281.288,100
468,09:45:38,3281.2,151
469,09:45:36,3277.9,100
470,09:45:35,3278.68,500
471,09:45:15,3278.1201,100
472,09:45:13,3281.98,100
473,09:45:12,3281.919,100
474,09:45:12,3281.98,100
475,09:45:11,3281.9999,100
476,09:45:10,3279.995,100
477,09:45:10,3279.2782,200
478,09:45:09,3282.0,300
479,09:45:06,3280.3468,100
480,09:45:05,3280.816,166
481,09:45:05,3280.0,200
482,09:45:05,3280.0,1706
483,09:45:05,3280.0,100
484,09:45:05,3277.884,100
485,09:45:05,3277.9899,150
486,09:45:05,3277.95,100
487,09:45:05,3277.98,200
488,09:45:04,3275.66,100
489,09:45:03,3275.2,100
490,09:45:03,3275.0,198
491,09:45:03,3275.0,222
492,09:45:03,3275.0,157
493,09:45:01,3274.17,100
494,09:44:57,3274.1275,100
495,09:44:51,3274.8468,1000
496,09:44:49,3273.745,100
497,09:44:49,3274.035,100
498,09:44:48,3274.165,100
499,09:44:48,3274.165,100
500,09:44:48,3274.37,100
501,09:44:42,3274.3887,450
502,09:44:42,3275.305,100
503,09:44:42,3275.0,200
504,09:44:42,3275.0,400
505,09:44:42,3275.2561,120
506,09:44:42,3275.5,200
507,09:44:42,3275.0,280
508,09:44:42,3275.5,280
509,09:44:42,3275.5,400
510,09:44:41,3276.25,304
511,09:44:41,3275.5,125
512,09:44:41,3276.25,310
513,09:44:41,3275.5,100
514,09:44:41,3275.0,125
515,09:44:41,3274.98,100
516,09:44:41,3275.0,100
517,09:44:41,3274.48,100
518,09:44:41,3275.28,100
519,09:44:33,3276.635,250
520,09:44:28,3274.3701,1000
521,09:44:28,3275.35,190
522,09:44:11,3276.9606,200
523,09:44:02,3274.74,100
524,09:44:01,3275.0,100
525,09:43:58,3276.355,100
526,09:43:58,3276.0,100
527,09:43:58,3276.32,100
528,09:43:49,3277.934,100
529,09:43:47,3278.545,100
530,09:43:47,3278.55,100
531,09:43:47,3278.55,100
532,09:43:47,3278.975,100
533,09:43:47,3278.1582,245
534,09:43:47,3279.05,100
535,09:43:47,3279.05,200
536,09:43:47,3278.75,100
537,09:43:47,3279.1,100
538,09:43:44,3279.7893,100
539,09:43:36,3278.395,100
540,09:43:36,3276.974,846
541,09:43:36,3278.18,100
542,09:43:30,3278.005,100
543,09:43:20,3281.11,451
544,09:43:20,3279.59,100
545,09:43:20,3279.09,100
546,09:43:19,3282.76,100
547,09:43:19,3283.99,577
548,09:43:19,3282.7,100
549,09:43:19,3282.2,100
550,09:43:18,3282.6562,1000
551,09:43:14,3284.39,100
552,09:43:14,3283.0817,300
553,09:43:12,3283.96,149
554,09:43:12,3283.26,100
555,09:43:10,3281.81,100
556,09:43:09,3283.26,100
557,09:43:09,3282.387,150
558,09:43:08,3280.6929,1000
559,09:43:08,3283.2,100
560,09:43:08,3282.79,300
561,09:43:08,3282.64,100
562,09:43:08,3282.62,100
563,09:43:08,3281.24,375
564,09:43:08,3281.5,200
565,09:43:08,3281.5,100
566,09:43:08,3282.0,200
567,09:43:07,3279.97,300
568,09:43:07,3281.205,150
569,09:43:07,3279.9999,100
570,09:43:07,3279.9999,108
571,09:43:07,3279.9999,100
572,09:43:07,3280.0,100
573,09:43:07,3280.0,108
574,09:43:07,3280.0,643
575,09:43:07,3280.0,261
576,09:43:07,3280.0,100
577,09:43:07,3280.0,216
578,09:43:06,3278.3,627
579,09:43:06,3279.4188,285
580,09:43:06,3278.8,627
581,09:43:06,3278.8,100
582,09:43:06,3278.8,211
583,09:43:05,3277.7683,104
584,09:43:05,3277.7683,196
585,09:43:01,3278.4845,942
586,09:43:01,3275.81,100
587,09:43:01,3275.8,100
588,09:42:57,3275.33,100
589,09:42:45,3275.0,100
590,09:42:44,3274.0374,500
591,09:42:43,3277.3545,200
592,09:42:40,3276.8223,500
593,09:42:37,3274.58,100
594,09:42:37,3274.5,743
595,09:42:37,3274.08,100
596,09:42:37,3276.32,100
597,09:42:37,3278.3167,122
598,09:42:37,3278.3167,100
599,09:42:37,3277.22,100
600,09:42:36,3277.0799,1000
601,09:42:35,3278.2905,1000
602,09:42:30,3277.185,250
603,09:42:29,3277.838,100
604,09:42:28,3277.99,100
605,09:42:27,3276.3,244
606,09:42:27,3276.3,121
607,09:42:27,3276.26,100
608,09:42:27,3276.8,121
609,09:42:27,3276.76,100
610,09:42:27,3275.62,100
611,09:42:27,3275.066,100
612,09:42:27,3275.066,100
613,09:42:26,3275.62,200
614,09:42:26,3274.44,208
615,09:42:26,3274.44,199
616,09:42:26,3274.2773,100
617,09:42:26,3274.13,100
618,09:42:26,3273.9,100
619,09:42:26,3274.4,100
620,09:42:26,3274.42,100
621,09:42:26,3274.63,100
622,09:42:25,3274.725,1000
623,09:42:24,3272.13,200
624,09:42:21,3272.5,600
625,09:42:15,3276.8,200
626,09:42:14,3273.29,100
627,09:42:11,3275.82,100
628,09:42:09,3275.08,100
629,09:42:08,3275.8483,300
630,09:42:08,3275.11,100
631,09:41:57,3274.28,100
632,09:41:53,3274.24,100
633,09:41:53,3274.27,100
634,09:41:52,3274.0,445
635,09:41:51,3275.615,150
636,09:41:47,3276.515,100
637,09:41:46,3275.02,100
638,09:41:44,3275.98,300
639,09:41:37,3277.3788,297
640,09:41:37,3276.44,100
641,09:41:30,3278.39,100
642,09:41:30,3277.3449,304
643,09:41:28,3279.6175,100
644,09:41:26,3278.17,100
645,09:41:25,3279.52,400
646,09:41:21,3280.0,100
647,09:41:18,3281.73,100
648,09:41:17,3279.065,250
649,09:41:11,3279.67,1000
650,09:41:10,3279.7117,300
651,09:41:07,3281.21,100
652,09:41:06,3280.26,138
653,09:41:06,3277.7301,100
654,09:40:59,3279.825,100
655,09:40:59,3280.93,100
656,09:40:55,3281.0,100
657,09:40:55,3282.51,100
658,09:40:53,3283.22,100
659,09:40:53,3281.79,100
660,09:40:53,3281.0,100
661,09:40:53,3280.58,100
662,09:40:53,3280.0,150
663,09:40:53,3280.07,100
664,09:40:51,3279.95,100
665,09:40:48,3279.928,100
666,09:40:48,3277.43,100
667,09:40:47,3277.39,100
668,09:40:47,3276.78,348
669,09:40:47,3276.78,210
670,09:40:47,3278.32,100
671,09:40:46,3278.92,100
672,09:40:46,3279.99,100
673,09:40:45,3279.99,100
674,09:40:43,3279.69,100
675,09:40:41,3277.625,100
676,09:40:41,3278.49,100
677,09:40:41,3277.615,100
678,09:40:39,3277.07,100
679,09:40:37,3276.76,100
680,09:40:31,3278.29,270
681,09:40:28,3280.54,178
682,09:40:28,3280.3821,1676
683,09:40:28,3280.0,100
684,09:40:28,3280.0,200
685,09:40:28,3280.0,100
686,09:40:28,3279.95,100
687,09:40:28,3276.85,100
688,09:40:28,3276.69,100
689,09:40:23,3275.765,100
690,09:40:21,3278.175,100
691,09:40:20,3279.345,100
692,09:40:20,3278.72,100
693,09:40:15,3279.38,100
694,09:40:15,3277.9325,100
695,09:40:14,3278.7122,200
696,09:40:13,3279.38,100
697,09:40:13,3279.385,100
698,09:40:13,3279.36,100
699,09:40:12,3279.36,100
700,09:40:12,3278.79,100
701,09:40:12,3279.36,100
702,09:40:11,3276.95,124
703,09:40:11,3277.64,100
704,09:40:10,3277.645,100
705,09:40:10,3278.12,100
706,09:40:10,3276.97,100
707,09:40:10,3278.12,100
708,09:40:10,3275.94,100
709,09:40:10,3275.94,300
710,09:40:08,3276.87,100
711,09:40:04,3275.749,100
712,09:40:04,3275.749,200
713,09:40:04,3275.28,100
714,09:40:04,3275.75,100
715,09:40:03,3274.715,200
716,09:40:03,3275.47,100
717,09:40:02,3274.94,156
718,09:40:01,3274.91,100
719,09:40:01,3274.46,100
720,09:40:01,3273.8962,100
721,09:40:01,3273.0,100
722,09:40:01,3272.49,100
723,09:40:01,3271.5571,100
724,09:40:01,3272.67,100
725,09:40:01,3272.67,100
726,09:40:01,3272.49,100
727,09:40:01,3272.18,100
728,09:39:55,3272.9,500
729,09:39:54,3272.75,100
730,09:39:53,3272.31,250
731,09:39:51,3274.17,125
732,09:39:47,3273.72,100
733,09:39:46,3273.0008,200
734,09:39:46,3272.51,100
735,09:39:43,3272.905,199
736,09:39:43,3272.44,100
737,09:39:43,3272.0692,300
738,09:39:42,3273.5,100
739,09:39:41,3274.94,100
740,09:39:40,3272.355,100
741,09:39:39,3271.045,300
742,09:39:39,3271.045,300
743,09:39:39,3271.045,300
744,09:39:38,3271.83,100
745,09:39:38,3273.28,200
746,09:39:36,3270.8837,100
747,09:39:35,3270.535,100
748,09:39:35,3270.0908,100
749,09:39:34,3271.835,100
750,09:39:34,3271.835,100
751,09:39:33,3271.831,250
752,09:39:33,3270.82,500
753,09:39:32,3270.82,100
754,09:39:30,3269.9,100
755,09:39:19,3269.3417,200
756,09:39:13,3267.975,100
757,09:39:08,3267.39,100
758,09:39:07,3265.99,100
759,09:39:07,3265.58,160
760,09:39:07,3265.03,100
761,09:39:07,3265.03,100
762,09:39:07,3265.57,300
763,09:39:07,3265.02,100
764,09:39:07,3265.03,100
765,09:39:06,3268.11,100
766,09:39:06,3267.66,157
767,09:39:06,3266.99,203
768,09:39:06,3267.04,100
769,09:39:04,3265.995,100
770,09:39:04,3265.9984,300
771,09:39:04,3266.97,100
772,09:39:04,3266.56,100
773,09:39:04,3266.81,100
774,09:39:04,3266.57,100
775,09:39:03,3265.995,100
776,09:39:03,3266.84,100
777,09:39:03,3266.99,100
778,09:39:03,3266.98,100
779,09:39:03,3266.98,100
780,09:39:03,3266.99,100
781,09:39:03,3266.985,100
782,09:39:00,3266.33,100
783,09:38:56,3265.8409,110
784,09:38:55,3266.33,200
785,09:38:54,3266.0,400
786,09:38:54,3266.0,100
787,09:38:54,3266.32,100
788,09:38:54,3267.075,100
789,09:38:54,3267.075,100
790,09:38:53,3267.625,100
791,09:38:53,3266.0,219
792,09:38:52,3267.685,100
793,09:38:50,3268.185,100
794,09:38:47,3268.45,100
795,09:38:46,3267.379,250
796,09:38:44,3268.845,500
797,09:38:42,3269.57,100
798,09:38:42,3269.6904,100
799,09:38:41,3268.845,100
800,09:38:40,3269.95,100
801,09:38:40,3269.95,200
802,09:38:40,3269.95,100
803,09:38:40,3269.89,100
804,09:38:40,3269.94,116
805,09:38:40,3269.93,100
806,09:38:40,3269.89,100
807,09:38:40,3269.89,100
808,09:38:38,3269.94,100
809,09:38:37,3268.735,100
810,09:38:37,3269.9399,100
811,09:38:35,3267.61,100
812,09:38:35,3268.18,100
813,09:38:35,3268.18,100
814,09:38:35,3267.37,122
815,09:38:35,3269.05,100
816,09:38:35,3268.17,100
817,09:38:35,3269.04,100
818,09:38:35,3268.14,150
819,09:38:33,3269.26,100
820,09:38:32,3268.655,200
821,09:38:28,3269.225,100
822,09:38:27,3268.99,116
823,09:38:27,3269.0,100
824,09:38:27,3268.0,100
825,09:38:27,3268.0,100
826,09:38:26,3267.36,140
827,09:38:26,3267.905,500
828,09:38:25,3267.855,100
829,09:38:25,3267.605,157
830,09:38:21,3267.855,300
831,09:38:19,3267.18,100
832,09:38:16,3267.3425,100
833,09:38:15,3267.855,100
834,09:38:14,3267.7009,100
835,09:38:10,3267.885,100
836,09:38:10,3267.0,788
837,09:38:10,3267.0,141
838,09:38:10,3267.22,100
839,09:38:05,3267.015,100
840,09:38:05,3267.45,100
841,09:38:02,3266.8197,100
842,09:38:02,3268.56,200
843,09:38:01,3269.025,100
844,09:38:01,3269.025,100
845,09:37:59,3268.765,100
846,09:37:59,3268.765,100
847,09:37:58,3269.85,100
848,09:37:58,3267.4,100
849,09:37:54,3268.605,100
850,09:37:54,3268.8292,400
851,09:37:53,3267.0416,100
852,09:37:51,3267.99,100
853,09:37:51,3267.99,220
854,09:37:50,3266.21,100
855,09:37:50,3266.21,100
856,09:37:46,3266.58,100
857,09:37:46,3266.79,100
858,09:37:46,3266.97,100
859,09:37:46,3267.0,100
860,09:37:46,3266.98,100
861,09:37:46,3266.97,100
862,09:37:46,3266.97,100
863,09:37:43,3263.99,100
864,09:37:42,3263.985,100
865,09:37:42,3264.49,100
866,09:37:37,3264.005,500
867,09:37:28,3261.9001,130
868,09:37:27,3263.2074,200
869,09:37:26,3263.1,100
870,09:37:26,3264.47,100
871,09:37:26,3263.48,100
872,09:37:26,3262.96,100
873,09:37:26,3256.415,100
874,09:37:26,3262.31,100
875,09:37:26,3261.62,150
876,09:37:26,3261.34,100
877,09:37:26,3260.99,100
878,09:37:25,3257.0,400
879,09:37:24,3258.615,100
880,09:37:21,3261.225,300
881,09:37:21,3261.21,100
882,09:37:20,3262.1454,140
883,09:37:19,3263.42,100
884,09:37:13,3261.885,100
885,09:37:12,3263.48,100
886,09:37:12,3263.48,100
887,09:37:04,3263.88,200
888,09:37:04,3262.6,100
889,09:37:04,3262.59,100
890,09:37:04,3262.6,100
891,09:37:02,3264.48,100
892,09:37:02,3264.21,100
893,09:37:02,3263.0,910
894,09:37:02,3262.235,100
895,09:37:02,3262.0,676
896,09:37:02,3261.95,134
897,09:37:02,3260.7,300
898,09:37:01,3261.45,100
899,09:37:00,3259.535,100
900,09:37:00,3259.625,100
901,09:36:57,3261.98,100
902,09:36:53,3261.23,200
903,09:36:53,3262.0,100
904,09:36:50,3261.85,200
905,09:36:46,3262.36,100
906,09:36:46,3259.75,100
907,09:36:46,3260.0,100
908,09:36:42,3258.78,100
909,09:36:40,3259.25,100
910,09:36:38,3257.0,100
911,09:36:36,3256.07,100
912,09:36:34,3255.1292,400
913,09:36:34,3253.85,100
914,09:36:34,3255.0,100
915,09:36:34,3255.0,100
916,09:36:34,3254.93,249
917,09:36:33,3254.15,119
918,09:36:33,3252.76,100
919,09:36:30,3252.79,100
920,09:36:30,3252.79,100
921,09:36:30,3252.79,100
922,09:36:30,3252.8,100
923,09:36:27,3254.0153,121
924,09:36:24,3253.3375,200
925,09:36:21,3253.68,100
926,09:36:20,3252.525,100
927,09:36:18,3257.3799,100
928,09:36:17,3254.26,100
929,09:36:15,3256.08,100
930,09:36:12,3256.585,100
931,09:36:12,3256.175,100
932,09:36:08,3258.2601,100
933,09:36:07,3259.07,100
934,09:36:04,3258.41,112
935,09:36:03,3257.59,100
936,09:36:03,3258.7,105
937,09:36:03,3258.69,100
938,09:36:00,3259.85,100
939,09:35:59,3258.77,300
940,09:35:56,3259.63,156
941,09:35:56,3257.565,100
942,09:35:54,3256.7101,100
943,09:35:53,3258.2,100
944,09:35:51,3256.4,100
945,09:35:50,3257.51,100
946,09:35:50,3255.88,100
947,09:35:50,3257.46,100
948,09:35:50,3257.51,100
949,09:35:50,3255.88,100
950,09:35:50,3256.2,100
951,09:35:50,3256.22,100
952,09:35:50,3256.695,100
953,09:35:49,3255.89,500
954,09:35:48,3255.905,100
955,09:35:47,3255.87,367
956,09:35:44,3254.0,100
957,09:35:43,3252.38,100
958,09:35:43,3252.34,100
959,09:35:42,3253.87,100
960,09:35:42,3252.89,100
961,09:35:38,3254.248,100
962,09:35:38,3253.84,100
963,09:35:37,3253.84,100
964,09:35:36,3254.7981,100
965,09:35:35,3254.855,100
966,09:35:34,3254.85,100
967,09:35:33,3256.05,100
968,09:35:33,3254.54,980
969,09:35:33,3254.54,322
970,09:35:33,3254.54,124
971,09:35:33,3254.99,100
972,09:35:33,3254.14,425
973,09:35:33,3253.74,100
974,09:35:32,3252.0,219
975,09:35:32,3252.0,111
976,09:35:32,3252.0,170
977,09:35:32,3252.0,100
978,09:35:23,3248.77,100
979,09:35:23,3248.91,100
980,09:35:23,3248.91,200
981,09:35:21,3247.2,100
982,09:35:21,3247.5,100
983,09:35:20,3248.354,100
984,09:35:20,3247.53,100
985,09:35:20,3246.14,300
986,09:35:17,3247.545,100
987,09:35:13,3247.555,100
988,09:35:11,3247.565,100
989,09:35:09,3248.9799,100
990,09:35:09,3247.56,100
991,09:35:06,3249.98,1000
992,09:35:04,3249.96,100
993,09:35:04,3249.94,100
994,09:34:58,3249.995,100
995,09:34:56,3251.055,100
996,09:34:55,3249.99,200
997,09:34:55,3249.99,149
998,09:34:55,3250.0,111
999,09:34:55,3250.0,111
1000,09:34:55,3250.0,100
1001,09:34:55,3250.0,100
1002,09:34:54,3248.98,100
1003,09:34:52,3249.99,100
1004,09:34:52,3249.99,115
1005,09:34:52,3248.07,100
1006,09:34:49,3250.01,100
1007,09:34:48,3251.835,100
1008,09:34:46,3250.01,100
1009,09:34:43,3250.2333,100
1010,09:34:43,3249.005,100
1011,09:34:43,3253.87,100
1012,09:34:43,3249.865,100
1013,09:34:40,3252.065,100
1014,09:34:39,3250.135,100
1015,09:34:37,3255.235,100
1016,09:34:36,3252.65,100
1017,09:34:36,3255.45,100
1018,09:34:34,3253.245,100
1019,09:34:34,3256.02,300
1020,09:34:32,3262.295,100
1021,09:34:30,3261.55,100
1022,09:34:30,3261.82,100
1023,09:34:30,3261.8,100
1024,09:34:30,3261.53,103
1025,09:34:30,3261.53,100
1026,09:34:28,3263.11,100
1027,09:34:27,3260.0,100
1028,09:34:25,3262.14,119
1029,09:34:25,3262.5,100
1030,09:34:25,3262.45,100
1031,09:34:25,3262.4975,100
1032,09:34:24,3261.89,158
1033,09:34:24,3262.0,100
1034,09:34:24,3260.52,100
1035,09:34:24,3258.6017,500
1036,09:34:23,3260.0,100
1037,09:34:23,3258.29,100
1038,09:34:23,3256.64,100
1039,09:34:22,3258.21,100
1040,09:34:21,3259.3603,103
1041,09:34:21,3259.34,100
1042,09:34:20,3257.8,100
1043,09:34:20,3258.7577,369
1044,09:34:19,3254.3,100
1045,09:34:17,3252.0,200
1046,09:34:17,3252.0,100
1047,09:34:16,3250.05,100
1048,09:34:16,3251.1474,200
1049,09:34:16,3251.02,100
1050,09:34:15,3250.87,100
1051,09:34:15,3250.0,238
1052,09:34:08,3243.26,300
1053,09:34:08,3244.98,100
1054,09:34:08,3244.0,270
1055,09:34:08,3243.6,100
1056,09:34:08,3243.999,100
1057,09:34:08,3243.995,100
1058,09:34:08,3243.2,100
1059,09:34:03,3245.088,500
1060,09:34:02,3244.79,100
1061,09:34:02,3242.69,100
1062,09:34:02,3243.34,111
1063,09:34:01,3242.557,300
1064,09:34:00,3242.44,100
1065,09:33:57,3241.58,180
1066,09:33:57,3241.53,100
1067,09:33:56,3241.79,100
1068,09:33:56,3242.46,100
1069,09:33:55,3241.58,100
1070,09:33:55,3241.932,100
1071,09:33:51,3243.0,100
1072,09:33:50,3245.2,100
1073,09:33:50,3245.44,100
1074,09:33:50,3243.7966,1000
1075,09:33:49,3244.6,103
1076,09:33:46,3244.66,300
1077,09:33:46,3244.66,100
1078,09:33:45,3244.43,100
1079,09:33:45,3242.8,100
1080,09:33:44,3243.5,100
1081,09:33:39,3244.2,100
1082,09:33:33,3241.52,100
1083,09:33:33,3243.22,100
1084,09:33:33,3242.33,286
1085,09:33:33,3245.57,100
1086,09:33:33,3241.57,100
1087,09:33:33,3241.57,100
1088,09:33:33,3245.75,100
1089,09:33:33,3245.62,100
1090,09:33:33,3245.57,100
1091,09:33:33,3247.94,526
1092,09:33:32,3246.49,100
1093,09:33:32,3244.32,100
1094,09:33:32,3244.84,100
1095,09:33:32,3244.44,100
1096,09:33:32,3244.49,100
1097,09:33:32,3242.56,100
1098,09:33:32,3243.16,200
1099,09:33:32,3243.2,111
1100,09:33:32,3243.2,116
1101,09:33:32,3242.76,100
1102,09:33:32,3242.76,169
1103,09:33:32,3242.76,100
1104,09:33:32,3242.77,100
1105,09:33:32,3242.76,100
1106,09:33:32,3241.395,100
1107,09:33:25,3241.93,100
1108,09:33:25,3242.13,176
1109,09:33:25,3242.13,100
1110,09:33:25,3241.41,100
1111,09:33:23,3240.7472,300
1112,09:33:21,3240.65,100
1113,09:33:17,3243.36,100
1114,09:33:15,3245.0,100
1115,09:33:15,3243.54,100
1116,09:33:13,3242.34,197
1117,09:33:12,3240.35,100
1118,09:33:12,3240.36,100
1119,09:33:12,3240.25,100
1120,09:33:12,3240.24,100
1121,09:33:12,3238.23,100
1122,09:33:11,3239.29,100
1123,09:33:09,3238.9372,103
1124,09:33:09,3239.53,100
1125,09:33:08,3238.1647,100
1126,09:33:08,3239.04,100
1127,09:33:08,3240.0,204
1128,09:33:08,3240.0,100
1129,09:33:08,3240.0,107
1130,09:33:08,3240.0,566
1131,09:33:08,3240.0,1704
1132,09:33:08,3240.0,2296
1133,09:33:08,3240.02,100
1134,09:33:07,3241.66,154
1135,09:32:58,3244.6,100
1136,09:32:58,3244.49,100
1137,09:32:57,3242.2924,300
1138,09:32:56,3247.2486,643
1139,09:32:56,3242.68,100
1140,09:32:55,3241.3,100
1141,09:32:51,3242.84,100
1142,09:32:48,3244.075,100
1143,09:32:46,3244.21,100
1144,09:32:43,3243.44,100
1145,09:32:43,3243.2,445
1146,09:32:43,3244.42,100
1147,09:32:43,3244.0,100
1148,09:32:43,3245.0,100
1149,09:32:43,3245.0,100
1150,09:32:43,3246.01,100
1151,09:32:43,3246.01,100
1152,09:32:43,3247.37,100
1153,09:32:43,3247.0,188
1154,09:32:15,3249.49,100
1155,09:32:13,3245.33,100
1156,09:32:13,3245.09,369
1157,09:32:10,3245.345,100
1158,09:32:08,3245.0901,200
1159,09:32:06,3247.4,100
1160,09:32:05,3246.78,100
1161,09:32:04,3245.455,100
1162,09:32:00,3250.04,100
1163,09:32:00,3250.0,100
1164,09:32:00,3249.95,100
1165,09:31:58,3250.11,100
1166,09:31:57,3250.01,100
1167,09:31:54,3251.8358,103
1168,09:31:51,3253.5145,100
1169,09:31:48,3252.84,100
1170,09:31:42,3255.135,150
1171,09:31:38,3253.53,100
1172,09:31:36,3253.0,100
1173,09:31:34,3251.81,100
1174,09:31:34,3252.29,100
1175,09:31:34,3252.76,100
1176,09:31:28,3249.99,100
1177,09:31:25,3250.325,300
1178,09:31:24,3251.1472,100
1179,09:31:24,3249.49,500
1180,09:31:22,3247.4122,100
1181,09:31:16,3249.0899,100
1182,09:31:14,3247.871,145
1183,09:31:14,3247.82,194
1184,09:31:14,3247.82,100
1185,09:31:14,3251.7801,100
1186,09:31:13,3251.9999,600
1187,09:31:13,3251.0,100
1188,09:31:13,3251.0,100
1189,09:31:12,3251.7746,100
1190,09:31:11,3253.4,100
1191,09:31:11,3252.055,100
1192,09:31:09,3252.065,100
1193,09:31:08,3252.88,100
1194,09:31:07,3252.065,100
1195,09:31:07,3252.0633,120
1196,09:31:04,3252.055,100
1197,09:31:04,3251.0275,100
1198,09:31:03,3253.03,100
1199,09:31:01,3253.03,100
1200,09:31:00,3253.68,100
1201,09:31:00,3254.14,100
1202,09:31:00,3255.0,100
1203,09:31:00,3254.42,100
1204,09:30:56,3255.0,100
1205,09:30:55,3255.0,380
1206,09:30:53,3253.11,100
1207,09:30:53,3253.74,100
1208,09:30:53,3253.77,100
1209,09:30:53,3253.74,100
1210,09:30:53,3253.74,100
1211,09:30:53,3252.56,100
1212,09:30:52,3253.74,100
1213,09:30:52,3253.74,100
1214,09:30:50,3255.0,100
1215,09:30:49,3254.24,183
1216,09:30:48,3255.32,100
1217,09:30:48,3254.77,100
1218,09:30:46,3255.0,100
1219,09:30:45,3256.3466,100
1220,09:30:41,3256.24,100
1221,09:30:37,3259.95,100
1222,09:30:36,3258.97,100
1223,09:30:36,3258.98,200
1224,09:30:32,3257.0,144
1225,09:30:32,3256.1,100
1226,09:30:32,3256.555,200
1227,09:30:32,3255.94,100
1228,09:30:30,3254.745,100
1229,09:30:27,3255.38,100
1230,09:30:27,3256.55,100
1231,09:30:26,3256.56,100
1232,09:30:26,3257.775,100
1233,09:30:25,3256.8765,158
1234,09:30:25,3257.9481,100
1235,09:30:24,3257.4112,103
1236,09:30:23,3257.0,100
1237,09:30:23,3257.0,100
1238,09:30:23,3255.6556,230
1239,09:30:22,3255.805,100
1240,09:30:21,3255.0,100
1241,09:30:16,3253.36,100
1242,09:30:15,3253.9,101
1243,09:30:15,3252.7,100
1244,09:30:13,3253.33,116
1245,09:30:12,3251.96,100
1246,09:30:11,3249.575,100
1247,09:30:10,3251.76,100
1248,09:30:07,3248.7925,100
1249,09:30:07,3252.88,100
1250,09:30:07,3251.95,100
1251,09:30:07,3252.0,100
1252,09:30:07,3249.91,100
1253,09:30:07,3250.0,132
1254,09:30:07,3250.0,500
1255,09:30:07,3249.91,100
1256,09:30:06,3248.565,300
1257,09:30:05,3248.565,100
1258,09:30:04,3248.3475,100
1259,09:30:04,3248.565,200
1260,09:30:04,3248.6375,100
1261,09:30:04,3247.995,100
1262,09:30:04,3248.695,100
1263,09:30:04,3248.695,100
1264,09:30:04,3248.41,100
1265,09:30:04,3248.695,100
1266,09:30:03,3248.295,100
1267,09:30:03,3248.295,100
1268,09:30:03,3248.2625,100
1269,09:30:03,3247.165,100
1270,09:30:03,3248.295,100
1271,09:30:02,3248.15,100
1272,09:30:01,3246.99,187
1273,09:30:01,3247.165,100
1274,09:30:01,3247.05,100
1275,09:30:00,3247.0,206
1276,09:30:00,3246.5,100
1277,09:30:00,3246.5,100
1278,09:30:00,3246.405,100
1279,09:30:00,3246.405,100
1280,09:30:00,3246.405,200
1281,09:30:00,3246.405,100
1282,09:30:00,3245.82,100
1283,09:30:00,3245.93,9
1284,09:30:00,3245.93,6
1285,09:30:00,3245.93,4
1286,09:30:00,3245.93,3
1287,09:30:00,3245.93,1
1288,09:30:00,3245.93,5
1289,09:30:00,3245.93,1
1290,09:30:00,3245.93,2
1291,09:30:00,3245.93,5
1292,09:30:00,3245.93,6
1293,09:30:00,3245.93,1
1294,09:30:00,3245.93,5
1295,09:30:00,3245.93,4
1296,09:30:00,3245.93,10
1297,09:30:00,3245.93,1
1298,09:30:00,3245.93,10
1299,09:30:00,3245.93,8
1300,09:30:00,3245.93,1
1301,09:30:00,3245.93,15
1302,09:30:00,3245.93,6
1303,09:30:00,3245.93,1
1304,09:30:00,3245.93,1
1305,09:30:00,3245.93,1
1306,09:30:00,3245.93,1
1307,09:30:00,3245.93,23
1308,09:30:00,3245.93,2
1309,09:30:00,3245.93,4
1310,09:30:00,3245.93,2
1311,09:30:00,3245.93,1
1312,09:30:00,3245.93,2
1313,09:30:00,3245.93,4
1314,09:30:00,3245.93,1
1315,09:30:00,3245.93,2
1316,09:30:00,3245.93,2
1317,09:30:00,3245.93,6
1318,09:30:00,3245.93,3
1319,09:30:00,3245.93,71
1320,09:30:00,3245.93,38
1321,09:30:00,3245.93,31
1322,09:30:00,3245.93,5
1323,09:30:00,3245.93,7
1324,09:30:00,3245.93,170
1325,09:30:00,3245.93,120
1326,09:30:00,3245.93,2
1327,09:30:00,3245.93,2
1328,09:30:00,3245.93,1
1329,09:30:00,3245.93,2
1330,09:30:00,3245.93,3
1331,09:30:00,3245.93,1
1332,09:30:00,3245.93,15
1333,09:30:00,3245.93,50
1334,09:30:00,3245.93,5
1335,09:30:00,3245.93,4
1336,09:30:00,3245.93,10
1337,09:30:00,3245.93,20
1338,09:30:00,3245.93,3
1339,09:30:00,3245.93,1
1340,09:30:00,3245.93,2
1341,09:30:00,3245.93,3
1342,09:30:00,3245.93,5
1343,09:30:00,3245.93,23
1344,09:30:00,3245.93,21
1345,09:30:00,3245.93,179
1346,09:30:00,3245.93,257
1347,09:30:00,3245.93,14
1348,09:30:00,3245.93,4
1349,09:30:00,3245.93,6
1350,09:30:00,3245.93,55
1351,09:30:00,3245.93,2
1352,09:30:00,3245.93,5
1353,09:30:00,3245.93,18
1354,09:30:00,3245.93,31
1355,09:30:00,3245.93,5
1356,09:30:00,3245.93,1
1357,09:30:00,3245.93,1
1358,09:30:00,3245.93,1
1359,09:30:00,3245.93,45
1360,09:30:00,3245.93,10
1361,09:30:00,3245.93,2
1362,09:30:00,3245.93,12
1363,09:30:00,3245.93,1
1364,09:30:00,3245.93,1
1365,09:30:00,3245.93,4
1366,09:30:00,3245.93,3
1367,09:30:00,3245.93,1
1368,09:30:00,3245.93,1
1369,09:30:00,3245.93,1
1370,09:30:00,3245.93,1
1371,09:30:00,3245.93,8
1372,09:30:00,3245.93,2
1373,09:30:00,3245.93,1
1374,09:30:00,3245.93,1
1375,09:30:00,3245.93,2
1376,09:30:00,3245.93,1
1377,09:30:00,3245.93,1
1378,09:30:00,3245.93,1
1379,09:30:00,3245.93,5
1380,09:30:00,3245.93,1
1381,09:30:00,3245.93,2
1382,09:30:00,3245.93,2
1383,09:30:00,3245.93,1
1384,09:30:00,3245.93,1
1385,09:30:00,3245.93,2
1386,09:30:00,3245.93,1
1387,09:30:00,3245.93,2
1388,09:30:00,3245.93,1
1389,09:30:00,3245.93,1
1390,09:30:00,3245.93,8
1391,09:30:00,3245.93,2
1392,09:30:00,3245.93,1
1393,09:30:00,3245.93,1
1394,09:30:00,3245.93,1
1395,09:30:00,3245.93,1
1396,09:30:00,3245.93,1
1397,09:30:00,3245.93,1
1398,09:30:00,3245.93,2
1399,09:30:00,3245.93,5
1400,09:30:00,3245.93,700
1401,09:30:00,3245.93,1
1402,09:30:00,3245.93,396
1403,09:30:00,3245.93,1
1404,09:30:00,3245.93,1
1405,09:30:00,3245.93,1
1406,09:30:00,3245.93,1
1407,09:30:00,3245.93,1
1408,09:30:00,3245.93,1
1409,09:30:00,3245.93,1
1410,09:30:00,3245.93,1
1411,09:30:00,3245.93,1
1412,09:30:00,3245.93,2
1413,09:30:00,3245.93,1
1414,09:30:00,3245.93,10
1415,09:30:00,3245.93,1
1416,09:30:00,3245.93,1
1417,09:30:00,3245.93,1
1418,09:30:00,3245.93,4
1419,09:30:00,3245.93,1
1420,09:30:00,3245.93,3
1421,09:30:00,3245.93,1
1422,09:30:00,3245.93,2
1423,09:30:00,3245.93,1
1424,09:30:00,3245.93,2
1425,09:30:00,3245.93,1
1426,09:30:00,3245.93,1
1427,09:30:00,3245.93,5
1428,09:30:00,3245.93,1
1429,09:30:00,3245.93,1
1430,09:30:00,3245.93,1
1431,09:30:00,3245.93,1
1432,09:30:00,3245.93,5
1433,09:30:00,3245.93,6
1434,09:30:00,3245.93,8
1435,09:30:00,3245.93,15
1436,09:30:00,3245.93,30
1437,09:30:00,3245.93,33
1438,09:30:00,3245.93,5
1439,09:30:00,3245.93,1
1440,09:30:00,3245.93,1
1441,09:30:00,3245.93,1
1442,09:30:00,3245.93,2
1443,09:30:00,3245.93,3
1444,09:30:00,3245.93,40
1445,09:30:00,3245.93,1
1446,09:30:00,3245.93,1
1447,09:30:00,3245.93,2
1448,09:30:00,3245.93,1
1449,09:30:00,3245.93,6
1450,09:30:00,3245.93,1
1451,09:30:00,3245.93,3
1452,09:30:00,3245.93,7
1453,09:30:00,3245.93,7
1454,09:30:00,3245.93,10
1455,09:30:00,3245.93,5
1456,09:30:00,3245.93,2
1457,09:30:00,3245.93,4
1458,09:30:00,3245.93,1
1459,09:30:00,3245.93,59
1460,09:30:00,3245.93,1
1461,09:30:00,3245.93,1
1462,09:30:00,3245.93,2
1463,09:30:00,3245.93,9
1464,09:30:00,3245.93,1
1465,09:30:00,3245.93,2
1466,09:30:00,3245.93,2
1467,09:30:00,3245.93,2
1468,09:30:00,3245.93,4
1469,09:30:00,3245.93,3
1470,09:30:00,3245.93,1
1471,09:30:00,3245.93,10
1472,09:30:00,3245.93,5
1473,09:30:00,3245.93,1
1474,09:30:00,3245.93,50
1475,09:30:00,3245.93,1
1476,09:30:00,3245.93,1
1477,09:30:00,3245.93,1
1478,09:30:00,3245.93,1
1479,09:30:00,3245.93,1
1480,09:30:00,3245.93,2
1481,09:30:00,3245.93,1
1482,09:30:00,3245.93,2
1483,09:30:00,3245.93,1
1484,09:30:00,3245.93,10
1485,09:30:00,3245.93,1
1486,09:30:00,3245.93,1
1487,09:30:00,3245.93,1
1488,09:30:00,3245.93,2
1489,09:30:00,3245.93,1
1490,09:30:00,3245.93,1
1491,09:30:00,3245.93,1
1492,09:30:00,3245.93,1
1493,09:30:00,3245.93,5
1494,09:30:00,3245.93,1
1495,09:30:00,3245.93,1
1496,09:30:00,3245.93,57
1497,09:30:00,3245.93,2
1498,09:30:00,3245.93,10
1499,09:30:00,3245.93,4
1500,09:30:00,3245.93,10
1501,09:30:00,3245.93,3
1502,09:30:00,3245.93,3
1503,09:30:00,3245.93,5
1504,09:30:00,3245.93,1
1505,09:30:00,3245.93,1
1506,09:30:00,3245.93,1
1507,09:30:00,3245.93,9
1508,09:30:00,3245.93,2
1509,09:30:00,3245.93,1
1510,09:30:00,3245.93,2
1511,09:30:00,3245.93,12
1512,09:30:00,3245.93,6
1513,09:30:00,3245.93,1
1514,09:30:00,3245.93,1
1515,09:30:00,3245.93,2
1516,09:30:00,3245.93,3
1517,09:30:00,3245.93,2
1518,09:30:00,3245.93,1
1519,09:30:00,3245.93,5
1520,09:30:00,3245.93,1
1521,09:30:00,3245.93,2
1522,09:30:00,3245.93,2
1523,09:30:00,3245.93,3
1524,09:30:00,3245.93,1
1525,09:30:00,3245.93,3
1526,09:30:00,3245.93,1
1527,09:30:00,3245.93,5
1528,09:30:00,3245.93,1
1529,09:30:00,3245.93,2
1530,09:30:00,3245.93,10
1531,09:30:00,3245.93,8
1532,09:30:00,3245.93,10
1533,09:30:00,3245.93,68
1534,09:30:00,3245.93,6
1535,09:30:00,3245.93,57
1536,09:30:00,3245.93,18
1537,09:30:00,3245.93,10
1538,09:30:00,3245.93,100
1539,09:30:00,3245.93,3
1540,09:30:00,3245.93,5
1541,09:30:00,3245.93,1
1542,09:30:00,3245.93,1
1543,09:30:00,3245.93,3
1544,09:30:00,3245.93,53
1545,09:30:00,3245.93,3
1546,09:30:00,3245.93,2
1547,09:30:00,3245.93,3
1548,09:30:00,3245.93,5
1549,09:30:00,3245.93,9
1550,09:30:00,3245.93,1
1551,09:30:00,3245.93,6
1552,09:30:00,3245.93,8
1553,09:30:00,3245.93,16
1554,09:30:00,3245.93,8
1555,09:30:00,3245.93,40
1556,09:30:00,3245.93,10
1557,09:30:00,3245.93,12
1558,09:30:00,3245.93,29
1559,09:30:00,3245.93,4
1560,09:30:00,3245.93,1
1561,09:30:00,3245.93,34
1562,09:30:00,3245.93,1
1563,09:30:00,3245.93,1
1564,09:30:00,3245.93,4
1565,09:30:00,3245.93,6
1566,09:30:00,3245.93,34
1567,09:30:00,3245.93,31
1568,09:30:00,3245.93,10
1569,09:30:00,3245.93,6
1570,09:30:00,3245.93,8
1571,09:30:00,3245.93,6
1572,09:30:00,3245.93,10
1573,09:30:00,3245.93,9
1574,09:30:00,3245.93,2
1575,09:30:00,3245.93,13
1576,09:30:00,3245.93,2
1577,09:30:00,3245.93,3
1578,09:30:00,3245.93,2
1579,09:30:00,3245.93,1
1580,09:30:00,3245.93,5
1581,09:30:00,3245.93,20
1582,09:30:00,3245.93,5
1583,09:30:00,3245.93,1
1584,09:30:00,3245.93,10
1585,09:30:00,3245.93,1
1586,09:30:00,3245.93,1
1587,09:30:00,3245.93,1
1588,09:30:00,3245.93,9
1589,09:30:00,3245.93,25
1590,09:30:00,3245.93,1
1591,09:30:00,3245.93,40
1592,09:30:00,3245.93,50
1593,09:30:00,3245.93,2
1594,09:30:00,3245.93,5
1595,09:30:00,3245.93,4
1596,09:30:00,3245.93,1
1597,09:30:00,3245.93,16
1598,09:30:00,3245.93,6
1599,09:30:00,3245.93,2
1600,09:30:00,3245.93,1
1601,09:30:00,3245.93,10
1602,09:30:00,3245.93,6
1603,09:30:00,3245.93,1
1604,09:30:00,3245.93,100
1605,09:30:00,3245.93,1
1606,09:30:00,3245.93,8
1607,09:30:00,3245.93,1
1608,09:30:00,3245.93,1
1609,09:30:00,3245.93,20
1610,09:30:00,3245.93,12
1611,09:30:00,3245.93,11
1612,09:30:00,3245.93,12
1613,09:30:00,3245.93,1
1614,09:30:00,3245.93,1
1615,09:30:00,3245.93,1
1616,09:30:00,3245.93,1
1617,09:30:00,3245.93,3
1618,09:30:00,3245.93,31
1619,09:30:00,3245.93,2
1620,09:30:00,3245.93,1
1621,09:30:00,3245.93,18
1622,09:30:00,3245.93,2
1623,09:30:00,3245.93,1
1624,09:30:00,3245.93,1
1625,09:30:00,3245.93,1
1626,09:30:00,3245.93,10
1627,09:30:00,3245.93,28
1628,09:30:00,3245.93,1
1629,09:30:00,3245.93,2
1630,09:30:00,3245.93,1
1631,09:30:00,3245.93,2
1632,09:30:00,3245.93,1
1633,09:30:00,3245.93,1
1634,09:30:00,3245.93,1
1635,09:30:00,3245.93,5
1636,09:30:00,3245.93,2
1637,09:30:00,3245.93,1
1638,09:30:00,3245.93,1
1639,09:30:00,3245.93,1
1640,09:30:00,3245.93,1
1641,09:30:00,3245.93,1
1642,09:30:00,3245.93,1
1643,09:30:00,3245.93,1
1644,09:30:00,3245.93,3
1645,09:30:00,3245.93,1
1646,09:30:00,3245.93,2
1647,09:30:00,3245.93,1
1648,09:30:00,3245.93,10
1649,09:30:00,3245.93,2
1650,09:30:00,3245.93,1
1651,09:30:00,3245.93,2
1652,09:30:00,3245.93,1
1653,09:30:00,3245.93,1
1654,09:30:00,3245.93,2
1655,09:30:00,3245.93,10
1656,09:30:00,3245.93,1
1657,09:30:00,3245.93,1
1658,09:30:00,3245.93,140
1659,09:30:00,3245.93,7
1660,09:30:00,3245.93,2
1661,09:30:00,3245.93,1
1662,09:30:00,3245.93,3
1663,09:30:00,3245.93,50
1664,09:30:00,3245.93,8
1665,09:30:00,3245.93,2
1666,09:30:00,3245.93,4
1667,09:30:00,3245.93,2
1668,09:30:00,3245.93,5
1669,09:30:00,3245.93,33
1670,09:30:00,3245.93,7
1671,09:30:00,3245.93,7
1672,09:30:00,3245.93,1
1673,09:30:00,3245.93,31
1674,09:30:00,3245.93,3
1675,09:30:00,3245.93,2
1676,09:30:00,3245.93,10
1677,09:30:00,3245.93,25
1678,09:30:00,3245.93,2
1679,09:30:00,3245.93,6
1680,09:30:00,3245.93,1
1681,09:30:00,3245.93,2
1682,09:30:00,3245.93,2
1683,09:30:00,3245.93,1
1684,09:30:00,3245.93,4
1685,09:30:00,3245.93,1
1686,09:30:00,3245.93,10
1687,09:30:00,3245.93,5
1688,09:30:00,3245.93,1
1689,09:30:00,3245.93,2
1690,09:30:00,3245.93,1
1691,09:30:00,3245.93,3
1692,09:30:00,3245.93,3
1693,09:30:00,3245.93,2
1694,09:30:00,3245.93,1
1695,09:30:00,3245.93,4
1696,09:30:00,3245.93,6
1697,09:30:00,3245.93,1
1698,09:30:00,3245.93,2
1699,09:30:00,3245.93,3
1700,09:30:00,3245.93,1
1701,09:30:00,3245.93,6
1702,09:30:00,3245.93,4
1703,09:30:00,3245.93,1
1704,09:30:00,3245.93,5
1705,09:30:00,3245.93,2
1706,09:30:00,3245.93,2
1707,09:30:00,3245.93,3
1708,09:30:00,3245.93,2
1709,09:30:00,3245.93,10
1710,09:30:00,3245.93,1
1711,09:30:00,3245.93,1
1712,09:30:00,3245.93,1
1713,09:30:00,3245.93,5
1714,09:30:00,3245.93,3
1715,09:30:00,3245.93,5
1716,09:30:00,3245.93,3
1717,09:30:00,3245.93,1
1718,09:30:00,3245.93,10
1719,09:30:00,3245.93,3
1720,09:30:00,3245.93,2
1721,09:30:00,3245.93,2
1722,09:30:00,3245.93,3
1723,09:30:00,3245.93,1
1724,09:30:00,3245.93,1
1725,09:30:00,3245.93,1
1726,09:30:00,3245.93,1
1727,09:30:00,3245.93,1
1728,09:30:00,3245.93,2
1729,09:30:00,3245.93,8
1730,09:30:00,3245.93,40
1731,09:30:00,3245.93,1
1732,09:30:00,3245.93,2
1733,09:30:00,3245.93,20
1734,09:30:00,3245.93,1
1735,09:30:00,3245.93,3
1736,09:30:00,3245.93,1
1737,09:30:00,3245.93,1
1738,09:30:00,3245.93,1
1739,09:30:00,3245.93,1
1740,09:30:00,3245.93,1
1741,09:30:00,3245.93,1
1742,09:30:00,3245.93,1
1743,09:30:00,3245.93,20
1744,09:30:00,3245.93,1
1745,09:30:00,3245.93,1
1746,09:30:00,3245.93,2
1747,09:30:00,3245.93,1
1748,09:30:00,3245.93,2
1749,09:30:00,3245.93,1
1750,09:30:00,3245.93,10
1751,09:30:00,3245.93,5
1752,09:30:00,3245.93,2
1753,09:30:00,3245.93,3
1754,09:30:00,3245.93,5
1755,09:30:00,3245.93,1
1756,09:30:00,3245.93,1
1757,09:30:00,3245.93,5
1758,09:30:00,3245.93,12
1759,09:30:00,3245.93,2
1760,09:30:00,3245.93,6
1761,09:30:00,3245.93,1
1762,09:30:00,3245.93,1
1763,09:30:00,3245.93,3
1764,09:30:00,3245.93,1
1765,09:30:00,3245.93,2
1766,09:30:00,3245.93,1
1767,09:30:00,3245.93,1
1768,09:30:00,3245.93,1
1769,09:30:00,3245.93,1
1770,09:30:00,3245.93,6
1771,09:30:00,3245.93,1
1772,09:30:00,3245.93,8
1773,09:30:00,3245.93,3
1774,09:30:00,3245.93,2
1775,09:30:00,3245.93,1
1776,09:30:00,3245.93,22
1777,09:30:00,3245.93,1
1778,09:30:00,3245.93,1
1779,09:30:00,3245.93,2
1780,09:30:00,3245.93,1
1781,09:30:00,3245.93,2
1782,09:30:00,3245.93,1
1783,09:30:00,3245.93,1
1784,09:30:00,3245.93,4
1785,09:30:00,3245.93,1
1786,09:30:00,3245.93,1
1787,09:30:00,3245.93,1
1788,09:30:00,3245.93,20
1789,09:30:00,3245.93,1
1790,09:30:00,3245.93,1
1791,09:30:00,3245.93,1
1792,09:30:00,3245.93,1
1793,09:30:00,3245.93,3
1794,09:30:00,3245.93,1
1795,09:30:00,3245.93,1
1796,09:30:00,3245.93,16
1797,09:30:00,3245.93,8
1798,09:30:00,3245.93,10
1799,09:30:00,3245.93,2
1800,09:30:00,3245.93,1
1801,09:30:00,3245.93,1
1802,09:30:00,3245.93,3
1803,09:30:00,3245.93,2
1804,09:30:00,3245.93,30
1805,09:30:00,3245.93,3
1806,09:30:00,3245.93,1
1807,09:30:00,3245.93,2
1808,09:30:00,3245.93,2
1809,09:30:00,3245.93,1
1810,09:30:00,3245.93,5
1811,09:30:00,3245.93,1
1812,09:30:00,3245.93,2
1813,09:30:00,3245.93,1
1814,09:30:00,3245.93,1
1815,09:30:00,3245.93,5
1816,09:30:00,3245.93,1
1817,09:30:00,3245.93,4
1818,09:30:00,3245.93,4
1819,09:30:00,3245.93,3
1820,09:30:00,3245.93,5
1821,09:30:00,3245.93,2
1822,09:30:00,3245.93,1
1823,09:30:00,3245.93,5
1824,09:30:00,3245.93,5
1825,09:30:00,3245.93,2
1826,09:30:00,3245.93,1
1827,09:30:00,3245.93,1
1828,09:30:00,3245.93,2
1829,09:30:00,3245.93,3
1830,09:30:00,3245.93,16
1831,09:30:00,3245.93,1
1832,09:30:00,3245.93,5
1833,09:30:00,3245.93,2
1834,09:30:00,3245.93,34
1835,09:30:00,3245.93,5
1836,09:30:00,3245.93,1
1837,09:30:00,3245.93,9
1838,09:30:00,3245.93,3
1839,09:30:00,3245.93,4
1840,09:30:00,3245.93,9
1841,09:30:00,3245.93,3
1842,09:30:00,3245.93,1
1843,09:30:00,3245.93,4
1844,09:30:00,3245.93,1
1845,09:30:00,3245.93,1
1846,09:30:00,3245.93,4
1847,09:30:00,3245.93,3
1848,09:30:00,3245.93,4
1849,09:30:00,3245.93,2
1850,09:30:00,3245.93,60
1851,09:30:00,3245.93,4
1852,09:30:00,3245.93,1
1853,09:30:00,3245.93,3
1854,09:30:00,3245.93,25
1855,09:30:00,3245.93,100
1856,09:30:00,3245.93,1
1857,09:30:00,3245.93,1
1858,09:30:00,3245.93,5
1859,09:30:00,3245.93,2
1860,09:30:00,3245.93,1
1861,09:30:00,3245.93,2
1862,09:30:00,3245.93,3
1863,09:30:00,3245.93,1
1864,09:30:00,3245.93,3
1865,09:30:00,3245.93,3
1866,09:30:00,3245.93,3
1867,09:30:00,3245.93,1
1868,09:30:00,3245.93,20
1869,09:30:00,3245.93,3
1870,09:30:00,3245.93,1
1871,09:30:00,3245.93,80
1872,09:30:00,3245.93,4
1873,09:30:00,3245.93,1
1874,09:30:00,3245.93,22
1875,09:30:00,3245.93,4
1876,09:30:00,3245.93,8
1877,09:30:00,3245.93,5
1878,09:30:00,3245.93,4
1879,09:30:00,3245.93,10
1880,09:30:00,3245.93,1
1881,09:30:00,3245.93,2
1882,09:30:00,3245.93,2
1883,09:30:00,3245.93,2
1884,09:30:00,3245.93,1
1885,09:30:00,3245.93,2
1886,09:30:00,3245.93,3
1887,09:30:00,3245.93,1
1888,09:30:00,3245.93,5
1889,09:30:00,3245.93,1
1890,09:30:00,3245.93,8
1891,09:30:00,3245.93,2
1892,09:30:00,3245.93,4
1893,09:30:00,3245.93,1
1894,09:30:00,3245.93,1
1895,09:30:00,3245.93,1
1896,09:30:00,3245.93,5
1897,09:30:00,3245.93,1
1898,09:30:00,3245.93,1
1899,09:30:00,3245.93,1
1900,09:30:00,3245.93,2
1901,09:30:00,3245.93,1
1902,09:30:00,3245.93,100
1903,09:30:00,3245.93,5
1904,09:30:00,3245.93,3
1905,09:30:00,3245.93,1
1906,09:30:00,3245.93,4
1907,09:30:00,3245.93,1
1908,09:30:00,3245.93,1
1909,09:30:00,3245.93,2
1910,09:30:00,3245.93,1
1911,09:30:00,3245.93,2
1912,09:30:00,3245.93,8
1913,09:30:00,3245.93,2
1914,09:30:00,3245.93,1
1915,09:30:00,3245.93,1
1916,09:30:00,3245.93,5
1917,09:30:00,3245.93,2
1918,09:30:00,3245.93,1
1919,09:30:00,3245.93,1
1920,09:30:00,3245.93,2
1921,09:30:00,3245.93,3
1922,09:30:00,3245.93,1
1923,09:30:00,3245.93,5
1924,09:30:00,3245.93,4
1925,09:30:00,3245.93,4
1926,09:30:00,3245.93,1
1927,09:30:00,3245.93,1
1928,09:30:00,3245.93,1
1929,09:30:00,3245.93,6
1930,09:30:00,3245.93,1
1931,09:30:00,3245.93,1
1932,09:30:00,3245.93,2
1933,09:30:00,3245.93,3
1934,09:30:00,3245.93,5
1935,09:30:00,3245.93,3
1936,09:30:00,3245.93,3
1937,09:30:00,3245.93,2
1938,09:30:00,3245.93,5
1939,09:30:00,3245.93,5
1940,09:30:00,3245.93,1
1941,09:30:00,3245.93,1
1942,09:30:00,3245.93,2
1943,09:30:00,3245.93,12
1944,09:30:00,3245.93,1
1945,09:30:00,3245.93,1
1946,09:30:00,3245.93,1
1947,09:30:00,3245.93,5
1948,09:30:00,3245.93,3
1949,09:30:00,3245.93,3
1950,09:30:00,3245.93,1
1951,09:30:00,3245.93,8
1952,09:30:00,3245.93,3
1953,09:30:00,3245.93,31
1954,09:30:00,3245.93,1
1955,09:30:00,3245.93,2
1956,09:30:00,3245.93,4
1957,09:30:00,3245.93,8
1958,09:30:00,3245.93,1
1959,09:30:00,3245.93,2
1960,09:30:00,3245.93,2
1961,09:30:00,3245.93,2
1962,09:30:00,3245.93,5
1963,09:30:00,3245.93,1
1964,09:30:00,3245.93,1
1965,09:30:00,3245.93,3
1966,09:30:00,3245.93,5
1967,09:30:00,3245.93,11
1968,09:30:00,3245.93,4
1969,09:30:00,3245.93,10
1970,09:30:00,3245.93,5
1971,09:30:00,3245.93,1
1972,09:30:00,3245.93,2
1973,09:30:00,3245.93,1
1974,09:30:00,3245.93,3
1975,09:30:00,3245.93,1
1976,09:30:00,3245.93,1
1977,09:30:00,3245.93,1
1978,09:30:00,3245.93,7
1979,09:30:00,3245.93,1
1980,09:30:00,3245.93,3
1981,09:30:00,3245.93,6
1982,09:30:00,3245.93,1
1983,09:30:00,3245.93,3
1984,09:30:00,3245.93,2
1985,09:30:00,3245.93,1
1986,09:30:00,3245.93,3
1987,09:30:00,3245.93,1
1988,09:30:00,3245.93,1
1989,09:30:00,3245.93,1
1990,09:30:00,3245.93,1
1991,09:30:00,3245.93,12
1992,09:30:00,3245.93,8
1993,09:30:00,3245.93,3
1994,09:30:00,3245.93,2
1995,09:30:00,3245.93,7
1996,09:30:00,3245.93,32
1997,09:30:00,3245.93,1
1998,09:30:00,3245.93,5
1999,09:30:00,3245.93,2
2000,09:30:00,3245.93,15
2001,09:30:00,3245.93,1
2002,09:30:00,3245.93,5
2003,09:30:00,3245.93,1
2004,09:30:00,3245.93,1
2005,09:30:00,3245.93,6
2006,09:30:00,3245.93,100
2007,09:30:00,3245.93,1
2008,09:30:00,3245.93,2
2009,09:30:00,3245.93,1
2010,09:30:00,3245.93,1
2011,09:30:00,3245.93,2
2012,09:30:00,3245.93,1
2013,09:30:00,3245.93,1
2014,09:30:00,3245.93,2
2015,09:30:00,3245.93,3
2016,09:30:00,3245.93,1
2017,09:30:00,3245.93,12
2018,09:30:00,3245.93,3
2019,09:30:00,3245.93,2
2020,09:30:00,3245.93,12
2021,09:30:00,3245.93,1
2022,09:30:00,3245.93,1
2023,09:30:00,3245.93,2
2024,09:30:00,3245.93,23
2025,09:30:00,3245.93,10
2026,09:30:00,3245.93,2
2027,09:30:00,3245.93,1
2028,09:30:00,3245.93,2
2029,09:30:00,3245.93,4
2030,09:30:00,3245.93,1
2031,09:30:00,3245.93,5
2032,09:30:00,3245.93,1
2033,09:30:00,3245.93,10
2034,09:30:00,3245.93,3
2035,09:30:00,3245.93,3
2036,09:30:00,3245.93,10
2037,09:30:00,3245.93,4
2038,09:30:00,3245.93,1
2039,09:30:00,3245.93,1
2040,09:30:00,3245.93,1
2041,09:30:00,3245.93,1
2042,09:30:00,3245.93,5
2043,09:30:00,3245.93,2
2044,09:30:00,3245.93,66
2045,09:30:00,3245.93,1
2046,09:30:00,3245.93,1
2047,09:30:00,3245.93,2
2048,09:30:00,3245.93,1
2049,09:30:00,3245.93,7
2050,09:30:00,3245.93,1
2051,09:30:00,3245.93,1
2052,09:30:00,3245.93,3
2053,09:30:00,3245.93,1
2054,09:30:00,3245.93,1
2055,09:30:00,3245.93,1
2056,09:30:00,3245.93,1
2057,09:30:00,3245.93,2
2058,09:30:00,3245.93,10
2059,09:30:00,3245.93,3
2060,09:30:00,3245.93,1
2061,09:30:00,3245.93,1
2062,09:30:00,3245.93,2
2063,09:30:00,3245.93,1
2064,09:30:00,3245.93,1
2065,09:30:00,3245.93,13
2066,09:30:00,3245.93,7
2067,09:30:00,3245.93,43
2068,09:30:00,3245.93,4
2069,09:30:00,3245.93,39
2070,09:30:00,3245.93,15
2071,09:30:00,3245.93,10
2072,09:30:00,3245.93,2
2073,09:30:00,3245.93,1
2074,09:30:00,3245.93,2
2075,09:30:00,3245.93,1
2076,09:30:00,3245.93,5
2077,09:30:00,3245.93,1
2078,09:30:00,3245.93,2
2079,09:30:00,3245.93,1
2080,09:30:00,3245.93,1
2081,09:30:00,3245.93,3
2082,09:30:00,3245.93,1
2083,09:30:00,3245.93,10
2084,09:30:00,3245.93,1
2085,09:30:00,3245.93,1
2086,09:30:00,3245.93,4
2087,09:30:00,3245.93,10
2088,09:30:00,3245.93,5
2089,09:30:00,3245.93,3
2090,09:30:00,3245.93,6
2091,09:30:00,3245.93,2
2092,09:30:00,3245.93,1
2093,09:30:00,3245.93,1
2094,09:30:00,3245.93,1
2095,09:30:00,3245.93,10
2096,09:30:00,3245.93,1
2097,09:30:00,3245.93,12
2098,09:30:00,3245.93,2
2099,09:30:00,3245.93,10
2100,09:30:00,3245.93,1
2101,09:30:00,3245.93,2
2102,09:30:00,3245.93,1
2103,09:30:00,3245.93,1
2104,09:30:00,3245.93,1
2105,09:30:00,3245.93,1
2106,09:30:00,3245.93,1
2107,09:30:00,3245.93,5
2108,09:30:00,3245.93,1
2109,09:30:00,3245.93,2
2110,09:30:00,3245.93,1
2111,09:30:00,3245.93,1
2112,09:30:00,3245.93,1
2113,09:30:00,3245.93,1
2114,09:30:00,3245.93,4
2115,09:30:00,3245.93,1
2116,09:30:00,3245.93,1
2117,09:30:00,3245.93,2
2118,09:30:00,3245.93,1
2119,09:30:00,3245.93,1
2120,09:30:00,3245.93,1
2121,09:30:00,3245.93,1
2122,09:30:00,3245.93,3
2123,09:30:00,3245.93,1
2124,09:30:00,3245.93,2
2125,09:30:00,3245.93,2
2126,09:30:00,3245.93,1
2127,09:30:00,3245.93,1
2128,09:30:00,3245.93,1
2129,09:30:00,3245.93,2
2130,09:30:00,3245.93,1
2131,09:30:00,3245.93,1
2132,09:30:00,3245.93,2
2133,09:30:00,3245.93,10
2134,09:30:00,3245.93,20
2135,09:30:00,3245.93,7
2136,09:30:00,3245.93,10
2137,09:30:00,3245.93,5
2138,09:30:00,3245.93,5
2139,09:30:00,3245.93,2
2140,09:30:00,3245.93,2
2141,09:30:00,3245.93,38
2142,09:30:00,3245.93,62
2143,09:30:00,3245.93,25
2144,09:30:00,3245.93,57
2145,09:30:00,3245.93,9
2146,09:30:00,3245.93,50
2147,09:30:00,3245.93,1
2148,09:30:00,3245.93,16
2149,09:30:00,3245.93,1
2150,09:30:00,3245.93,2
2151,09:30:00,3245.93,6
2152,09:30:00,3245.93,3
2153,09:30:00,3245.93,7
2154,09:30:00,3245.93,10
2155,09:30:00,3245.93,50
2156,09:30:00,3245.93,30
2157,09:30:00,3245.93,13
2158,09:30:00,3245.93,25
2159,09:30:00,3245.93,25
2160,09:30:00,3245.93,5
2161,09:30:00,3245.93,3
2162,09:30:00,3245.93,2
2163,09:30:00,3245.93,3
2164,09:30:00,3245.93,155
2165,09:30:00,3245.93,16
2166,09:30:00,3245.93,1
2167,09:30:00,3245.93,117
2168,09:30:00,3245.93,1
2169,09:30:00,3245.93,2
2170,09:30:00,3245.93,3
2171,09:30:00,3245.93,4
2172,09:30:00,3245.93,1
2173,09:30:00,3245.93,1
2174,09:30:00,3245.93,1
2175,09:30:00,3245.93,2
2176,09:30:00,3245.93,2
2177,09:30:00,3245.93,1
2178,09:30:00,3245.93,3
2179,09:30:00,3245.93,1
2180,09:30:00,3245.93,1
2181,09:30:00,3245.93,1
2182,09:30:00,3245.93,1
2183,09:30:00,3245.93,1
2184,09:30:00,3245.93,1
2185,09:30:00,3245.93,1
2186,09:30:00,3245.93,1
2187,09:30:00,3245.93,2
2188,09:30:00,3245.93,1
2189,09:30:00,3245.93,1
2190,09:30:00,3245.93,7
2191,09:30:00,3245.93,1
2192,09:30:00,3245.93,1
2193,09:30:00,3245.93,1
2194,09:30:00,3245.93,1
2195,09:30:00,3245.93,1
2196,09:30:00,3245.93,1
2197,09:30:00,3245.93,1
2198,09:30:00,3245.93,1
2199,09:30:00,3245.93,1
2200,09:30:00,3245.93,1
2201,09:30:00,3245.93,1
2202,09:30:00,3245.93,1
2203,09:30:00,3245.93,9
2204,09:30:00,3245.93,8
2205,09:30:00,3245.93,4
2206,09:30:00,3245.93,10
2207,09:30:00,3245.93,1
2208,09:30:00,3245.93,4
2209,09:30:00,3245.93,1
2210,09:30:00,3245.93,1
2211,09:30:00,3245.93,1
2212,09:30:00,3245.93,1
2213,09:30:00,3245.93,10
2214,09:30:00,3245.93,15
2215,09:30:00,3245.93,1
2216,09:30:00,3245.93,10
2217,09:30:00,3245.93,2
2218,09:30:00,3245.93,2
2219,09:30:00,3245.93,1
2220,09:30:00,3245.93,1
2221,09:30:00,3245.93,1
2222,09:30:00,3245.93,3
2223,09:30:00,3245.93,2
2224,09:30:00,3245.93,1
2225,09:30:00,3245.93,6
2226,09:30:00,3245.93,2
2227,09:30:00,3245.93,4
2228,09:30:00,3245.93,10
2229,09:30:00,3245.93,1
2230,09:30:00,3245.93,2
2231,09:30:00,3245.93,2
2232,09:30:00,3245.93,4
2233,09:30:00,3245.93,2
2234,09:30:00,3245.93,1
2235,09:30:00,3245.93,1
2236,09:30:00,3245.93,10
2237,09:30:00,3245.93,1
2238,09:30:00,3245.93,1
2239,09:30:00,3245.93,50
2240,09:30:00,3245.93,3
2241,09:30:00,3245.93,1
2242,09:30:00,3245.93,1
2243,09:30:00,3245.93,2
2244,09:30:00,3245.93,31
2245,09:30:00,3245.93,2
2246,09:30:00,3245.93,1
2247,09:30:00,3245.93,4
2248,09:30:00,3245.93,2
2249,09:30:00,3245.93,30
2250,09:30:00,3245.93,4
2251,09:30:00,3245.93,14
2252,09:30:00,3245.93,2
2253,09:30:00,3245.93,1
2254,09:30:00,3245.93,1
2255,09:30:00,3245.93,1
2256,09:30:00,3245.93,1
2257,09:30:00,3245.93,5
2258,09:30:00,3245.93,10
2259,09:30:00,3245.93,2
2260,09:30:00,3245.93,8
2261,09:30:00,3245.93,1
2262,09:30:00,3245.93,1
2263,09:30:00,3245.93,5
2264,09:30:00,3245.93,15
2265,09:30:00,3245.93,8
2266,09:30:00,3245.93,1
2267,09:30:00,3245.93,6
2268,09:30:00,3245.93,1
2269,09:30:00,3245.93,1
2270,09:30:00,3245.93,1
2271,09:30:00,3245.93,1
2272,09:30:00,3245.93,2
2273,09:30:00,3245.93,9
2274,09:30:00,3245.93,1
2275,09:30:00,3245.93,4
2276,09:30:00,3245.93,2
2277,09:30:00,3245.93,3
2278,09:30:00,3245.93,1
2279,09:30:00,3245.93,1
2280,09:30:00,3245.93,18
2281,09:30:00,3245.93,2
2282,09:30:00,3245.93,1
2283,09:30:00,3245.93,31
2284,09:30:00,3245.93,10
2285,09:30:00,3245.93,4
2286,09:30:00,3245.93,1
2287,09:30:00,3245.93,1
2288,09:30:00,3245.93,1
2289,09:30:00,3245.93,1
2290,09:30:00,3245.93,2
2291,09:30:00,3245.93,5
2292,09:30:00,3245.93,6
2293,09:30:00,3245.93,20
2294,09:30:00,3245.93,1
2295,09:30:00,3245.93,2
2296,09:30:00,3245.93,1
2297,09:30:00,3245.93,11
2298,09:30:00,3245.93,2
2299,09:30:00,3245.93,1
2300,09:30:00,3245.93,10
2301,09:30:00,3245.93,3
2302,09:30:00,3245.93,20
2303,09:30:00,3245.93,3
2304,09:30:00,3245.93,1
2305,09:30:00,3245.93,20
2306,09:30:00,3245.93,5
2307,09:30:00,3245.93,10
2308,09:30:00,3245.93,1
2309,09:30:00,3245.93,1
2310,09:30:00,3245.93,3
2311,09:30:00,3245.93,1
2312,09:30:00,3245.93,2
2313,09:30:00,3245.93,3
2314,09:30:00,3245.93,3
2315,09:30:00,3245.93,2
2316,09:30:00,3245.93,106
2317,09:30:00,3245.93,42
2318,09:30:00,3245.93,7
2319,09:30:00,3245.93,1
2320,09:30:00,3245.93,1
2321,09:30:00,3245.93,6
2322,09:30:00,3245.93,1
2323,09:30:00,3245.93,10
2324,09:30:00,3245.93,3
2325,09:30:00,3245.93,1
2326,09:30:00,3245.93,6
2327,09:30:00,3245.93,2000
2328,09:30:00,3245.93,1
2329,09:30:00,3245.93,3
2330,09:30:00,3245.93,1
2331,09:30:00,3245.93,4
2332,09:30:00,3245.93,1
2333,09:30:00,3245.93,10
2334,09:30:00,3245.93,1
2335,09:30:00,3245.93,1
2336,09:30:00,3245.93,1
2337,09:30:00,3245.93,4
2338,09:30:00,3245.93,1
2339,09:30:00,3245.93,1
2340,09:30:00,3245.93,1
2341,09:30:00,3245.93,1
2342,09:30:00,3245.93,6
2343,09:30:00,3245.93,2
2344,09:30:00,3245.93,5
2345,09:30:00,3245.93,1
2346,09:30:00,3245.93,5
2347,09:30:00,3245.93,4
2348,09:30:00,3245.93,140
2349,09:30:00,3245.93,2
2350,09:30:00,3245.93,2
2351,09:30:00,3245.93,1
2352,09:30:00,3245.93,8
2353,09:30:00,3245.93,3
2354,09:30:00,3245.93,8
2355,09:30:00,3245.93,2
2356,09:30:00,3245.93,6
2357,09:30:00,3245.93,2
2358,09:30:00,3245.93,3
2359,09:30:00,3245.93,3
2360,09:30:00,3245.93,10
2361,09:30:00,3245.93,3
2362,09:30:00,3245.93,70
2363,09:30:00,3245.93,2
2364,09:30:00,3245.93,3
2365,09:30:00,3245.93,2
2366,09:30:00,3245.93,2
2367,09:30:00,3245.93,1
2368,09:30:00,3245.93,171
2369,09:30:00,3245.93,42
2370,09:30:00,3245.93,7
2371,09:30:00,3245.93,4
2372,09:30:00,3245.93,14
2373,09:30:00,3245.93,1
2374,09:30:00,3245.93,7
2375,09:30:00,3245.93,25
2376,09:30:00,3245.93,5
2377,09:30:00,3245.93,5
2378,09:30:00,3245.93,3
2379,09:30:00,3245.93,6
2380,09:30:00,3245.93,2
2381,09:30:00,3245.93,1
2382,09:30:00,3245.93,6
2383,09:30:00,3245.93,1
2384,09:30:00,3245.93,14
2385,09:30:00,3245.93,3
2386,09:30:00,3245.93,52
2387,09:30:00,3245.93,8
2388,09:30:00,3245.93,28
2389,09:30:00,3245.93,10
2390,09:30:00,3245.93,50
2391,09:30:00,3245.93,1
2392,09:30:00,3245.93,10
2393,09:30:00,3245.93,57
2394,09:30:00,3245.93,4
2395,09:30:00,3245.93,1
2396,09:30:00,3245.93,20
2397,09:30:00,3245.93,20
2398,09:30:00,3245.93,1
2399,09:30:00,3245.93,1
2400,09:30:00,3245.93,1
2401,09:30:00,3245.93,5
2402,09:30:00,3245.93,1
2403,09:30:00,3245.93,1000
2404,09:30:00,3245.93,100
2405,09:30:00,3245.93,31
2406,09:30:00,3245.93,1
2407,09:30:00,3245.93,2
2408,09:30:00,3245.93,3
2409,09:30:00,3245.93,1
2410,09:30:00,3245.93,200
2411,09:30:00,3245.93,55
2412,09:30:00,3245.93,35
2413,09:30:00,3245.93,6
2414,09:30:00,3245.93,35
2415,09:30:00,3245.93,1
2416,09:30:00,3245.93,2
2417,09:30:00,3245.93,1
2418,09:30:00,3245.93,10
2419,09:30:00,3245.93,5
2420,09:30:00,3245.93,1
2421,09:30:00,3245.93,15
2422,09:30:00,3245.93,341
2423,09:30:00,3245.93,2
2424,09:30:00,3245.93,3
2425,09:30:00,3245.93,5
2426,09:30:00,3245.93,1
2427,09:30:00,3245.93,1
2428,09:30:00,3245.93,32
2429,09:30:00,3245.93,2
2430,09:30:00,3245.93,3
2431,09:30:00,3245.93,100
2432,09:30:00,3245.93,1
2433,09:30:00,3245.93,40
2434,09:30:00,3245.93,18
2435,09:30:00,3245.93,2
2436,09:30:00,3245.93,1
2437,09:30:00,3245.93,14
2438,09:30:00,3245.93,1
2439,09:30:00,3245.93,3
2440,09:30:00,3245.93,4
2441,09:30:00,3245.93,1
2442,09:30:00,3245.93,1
2443,09:30:00,3245.93,50
2444,09:30:00,3245.93,1
2445,09:30:00,3245.93,36
2446,09:30:00,3245.93,10
2447,09:30:00,3245.93,4
2448,09:30:00,3245.93,2
2449,09:30:00,3245.93,1
2450,09:30:00,3245.93,2
2451,09:30:00,3245.93,10
2452,09:30:00,3245.93,25
2453,09:30:00,3245.93,12
2454,09:30:00,3245.93,3
2455,09:30:00,3245.93,130
2456,09:30:00,3245.93,2
2457,09:30:00,3245.93,3
2458,09:30:00,3245.93,2
2459,09:30:00,3245.93,1
2460,09:30:00,3245.93,22
2461,09:30:00,3245.93,2
2462,09:30:00,3245.93,1
2463,09:30:00,3245.93,1
2464,09:30:00,3245.93,9
2465,09:30:00,3245.93,7
2466,09:30:00,3245.93,2
2467,09:30:00,3245.93,371
2468,09:30:00,3245.93,4
2469,09:30:00,3245.93,15
2470,09:30:00,3245.93,15
2471,09:30:00,3245.93,1
2472,09:30:00,3245.93,2
2473,09:30:00,3245.93,2
2474,09:30:00,3245.93,7
2475,09:30:00,3245.93,1
2476,09:30:00,3245.93,10
2477,09:30:00,3245.93,5
2478,09:30:00,3245.93,5
2479,09:30:00,3245.93,2
2480,09:30:00,3245.93,2620
2481,09:30:00,3245.93,100
2482,09:30:00,3245.93,200
2483,09:30:00,3245.93,26
2484,09:30:00,3245.93,40
2485,09:30:00,3245.93,4
2486,09:30:00,3245.93,1
2487,09:30:00,3245.93,2
2488,09:30:00,3245.93,13
2489,09:30:00,3245.93,1
2490,09:30:00,3245.93,3
2491,09:30:00,3245.93,1
2492,09:30:00,3245.93,7
2493,09:30:00,3245.93,1
2494,09:30:00,3245.93,3000
2495,09:30:00,3245.93,2
2496,09:30:00,3245.93,1
2497,09:30:00,3245.93,62
2498,09:30:00,3245.93,68
2499,09:30:00,3245.93,57
2500,09:30:00,3245.93,75
2501,09:30:00,3245.93,55
2502,09:30:00,3245.93,61
2503,09:30:00,3245.93,3
2504,09:30:00,3245.93,4
2505,09:30:00,3245.93,73
2506,09:30:00,3245.93,6
2507,09:30:00,3245.93,17
2508,09:30:00,3245.93,7
2509,09:30:00,3245.93,2
2510,09:30:00,3245.93,11
2511,09:30:00,3245.93,1
2512,09:30:00,3245.93,1
2513,09:30:00,3245.93,2
2514,09:30:00,3245.93,1
2515,09:30:00,3245.93,4
2516,09:30:00,3245.93,7
2517,09:30:00,3245.93,17
2518,09:30:00,3245.93,100
2519,09:30:00,3245.93,7
2520,09:30:00,3245.93,6
2521,09:30:00,3245.93,10
2522,09:30:00,3245.93,10
2523,09:30:00,3245.93,5
2524,09:30:00,3245.93,1
2525,09:30:00,3245.93,1
2526,09:30:00,3245.93,1
2527,09:30:00,3245.93,700
2528,09:30:00,3245.93,1
2529,09:30:00,3245.93,50
2530,09:30:00,3245.93,1
2531,09:30:00,3245.93,4
2532,09:30:00,3245.93,1
2533,09:30:00,3245.93,200
2534,09:30:00,3245.93,6
2535,09:30:00,3245.93,71
2536,09:30:00,3245.93,1
2537,09:30:00,3245.93,8
2538,09:30:00,3245.93,1
2539,09:30:00,3245.93,2
2540,09:30:00,3245.93,626
2541,09:30:00,3245.93,2
2542,09:30:00,3245.93,1
2543,09:30:00,3245.93,800
2544,09:30:00,3245.93,9
2545,09:30:00,3245.93,18
2546,09:30:00,3245.93,1
2547,09:30:00,3245.93,50
2548,09:30:00,3245.93,20
2549,09:30:00,3245.93,1
2550,09:30:00,3245.93,300
2551,09:30:00,3245.93,100
2552,09:30:00,3245.93,2
2553,09:30:00,3245.93,2
2554,09:30:00,3245.93,16
2555,09:30:00,3245.93,8
2556,09:30:00,3245.93,1
2557,09:30:00,3245.93,1
2558,09:30:00,3245.93,1
2559,09:30:00,3245.93,2
2560,09:30:00,3245.93,62
2561,09:30:00,3245.93,200
2562,09:30:00,3245.93,20
2563,09:30:00,3245.93,200
2564,09:30:00,3245.93,6
2565,09:30:00,3245.93,1
2566,09:30:00,3245.93,1
2567,09:30:00,3245.93,10
2568,09:30:00,3245.93,10
2569,09:30:00,3245.93,20
2570,09:30:00,3245.93,2
2571,09:30:00,3245.93,1
2572,09:30:00,3245.93,3
2573,09:30:00,3245.93,10
2574,09:30:00,3245.93,1
2575,09:30:00,3245.93,2
2576,09:30:00,3245.93,2
2577,09:30:00,3245.93,1
2578,09:30:00,3245.93,1
2579,09:30:00,3245.93,1
2580,09:30:00,3245.93,8
2581,09:30:00,3245.93,1
2582,09:30:00,3245.93,15
2583,09:30:00,3245.93,14
2584,09:30:00,3245.93,3
2585,09:30:00,3245.93,6
2586,09:30:00,3245.93,2
2587,09:30:00,3245.93,4
2588,09:30:00,3245.93,2
2589,09:30:00,3245.93,69
2590,09:30:00,3245.93,18
2591,09:30:00,3245.93,1
2592,09:30:00,3245.93,22
2593,09:30:00,3245.93,100
2594,09:30:00,3245.93,5
2595,09:30:00,3245.93,2
2596,09:30:00,3245.93,50
2597,09:30:00,3245.93,1
2598,09:30:00,3245.93,1
2599,09:30:00,3245.93,200
2600,09:30:00,3245.93,8
2601,09:30:00,3245.93,2
2602,09:30:00,3245.93,3
2603,09:30:00,3245.93,200
2604,09:30:00,3245.93,1
2605,09:30:00,3245.93,15
2606,09:30:00,3245.93,6
2607,09:30:00,3245.93,4
2608,09:30:00,3245.93,100
2609,09:30:00,3245.93,1
2610,09:30:00,3245.93,3
2611,09:30:00,3245.93,100
2612,09:30:00,3245.93,6
2613,09:30:00,3245.93,5
2614,09:30:00,3245.93,10
2615,09:30:00,3245.93,209
2616,09:30:00,3245.93,1
2617,09:30:00,3245.93,2
2618,09:30:00,3245.93,1
2619,09:30:00,3245.93,10
2620,09:30:00,3245.93,15
2621,09:30:00,3245.93,2
2622,09:30:00,3245.93,3
2623,09:30:00,3245.93,370
2624,09:30:00,3245.93,3
2625,09:30:00,3245.93,2
2626,09:30:00,3245.93,1
2627,09:30:00,3245.93,1
2628,09:30:00,3245.93,20
2629,09:30:00,3245.93,1
2630,09:30:00,3245.93,16
2631,09:30:00,3245.93,2
2632,09:30:00,3245.93,92
2633,09:30:00,3245.93,2
2634,09:30:00,3245.93,1
2635,09:30:00,3245.93,100
2636,09:30:00,3245.93,62
2637,09:30:00,3245.93,5
2638,09:30:00,3245.93,30
2639,09:30:00,3245.93,5
2640,09:30:00,3245.93,23
2641,09:30:00,3245.93,200
2642,09:30:00,3245.93,1
2643,09:30:00,3245.93,1
2644,09:30:00,3245.93,1
2645,09:30:00,3245.93,1
2646,09:30:00,3245.93,3
2647,09:30:00,3245.93,1
2648,09:30:00,3245.93,2
2649,09:30:00,3245.93,10
2650,09:30:00,3245.93,1
2651,09:30:00,3245.93,2
2652,09:30:00,3245.93,10
2653,09:30:00,3245.93,50
2654,09:30:00,3245.93,1
2655,09:30:00,3245.93,1
2656,09:30:00,3245.93,2
2657,09:30:00,3245.93,1
2658,09:30:00,3245.93,1
2659,09:30:00,3245.93,1
2660,09:30:00,3245.93,1
2661,09:30:00,3245.93,1
2662,09:30:00,3245.93,5
2663,09:30:00,3245.93,7
2664,09:30:00,3245.93,5
2665,09:30:00,3245.93,500
2666,09:30:00,3245.93,20
2667,09:30:00,3245.93,5
2668,09:30:00,3245.93,61
2669,09:30:00,3245.93,4
2670,09:30:00,3245.93,1
2671,09:30:00,3245.93,20
2672,09:30:00,3245.93,5
2673,09:30:00,3245.93,10
2674,09:30:00,3245.93,1
2675,09:30:00,3245.93,203
2676,09:30:00,3245.93,28
2677,09:30:00,3245.93,1
2678,09:30:00,3245.93,25
2679,09:30:00,3245.93,3
2680,09:30:00,3245.93,50
2681,09:30:00,3245.93,150
2682,09:30:00,3245.93,2
2683,09:30:00,3245.93,4
2684,09:30:00,3245.93,6
2685,09:30:00,3245.93,2
2686,09:30:00,3245.93,20
2687,09:30:00,3245.93,40
2688,09:30:00,3245.93,4
2689,09:30:00,3245.93,1
2690,09:30:00,3245.93,8
2691,09:30:00,3245.93,1
2692,09:30:00,3245.93,2
2693,09:30:00,3245.93,1
2694,09:30:00,3245.93,1
2695,09:30:00,3245.93,1
2696,09:30:00,3245.93,8
2697,09:30:00,3245.93,20
2698,09:30:00,3245.93,3
2699,09:30:00,3245.93,8
2700,09:30:00,3245.93,2
2701,09:30:00,3245.93,20
2702,09:30:00,3245.93,1
2703,09:30:00,3245.93,3
2704,09:30:00,3245.93,2
2705,09:30:00,3245.93,3
2706,09:30:00,3245.93,4
2707,09:30:00,3245.93,3
2708,09:30:00,3245.93,1
2709,09:30:00,3245.93,2
2710,09:30:00,3245.93,5
2711,09:30:00,3245.93,1
2712,09:30:00,3245.93,2
2713,09:30:00,3245.93,1
2714,09:30:00,3245.93,26
2715,09:30:00,3245.93,4
2716,09:30:00,3245.93,16
2717,09:30:00,3245.93,1
2718,09:30:00,3245.93,5
2719,09:30:00,3245.93,2
2720,09:30:00,3245.93,1
2721,09:30:00,3245.93,2
2722,09:30:00,3245.93,1
2723,09:30:00,3245.93,30
2724,09:30:00,3245.93,2
2725,09:30:00,3245.93,3
2726,09:30:00,3245.93,1
2727,09:30:00,3245.93,1
2728,09:30:00,3245.93,1
2729,09:30:00,3245.93,2
2730,09:30:00,3245.93,1
2731,09:30:00,3245.93,2
2732,09:30:00,3245.93,13
2733,09:30:00,3245.93,1
2734,09:30:00,3245.93,1
2735,09:30:00,3245.93,2
2736,09:30:00,3245.93,1
2737,09:30:00,3245.93,1
2738,09:30:00,3245.93,1
2739,09:30:00,3245.93,1
2740,09:30:00,3245.93,2
2741,09:30:00,3245.93,1
2742,09:30:00,3245.93,2
2743,09:30:00,3245.93,3
2744,09:30:00,3245.93,1
2745,09:30:00,3245.93,1
2746,09:30:00,3245.93,1
2747,09:30:00,3245.93,1
2748,09:30:00,3245.93,21
2749,09:30:00,3245.93,2
2750,09:30:00,3245.93,1
2751,09:30:00,3245.93,1
2752,09:30:00,3245.93,3
2753,09:30:00,3245.93,1
2754,09:30:00,3245.93,4
2755,09:30:00,3245.93,1
2756,09:30:00,3245.93,1
2757,09:30:00,3245.93,1
2758,09:30:00,3245.93,1
2759,09:30:00,3245.93,1
2760,09:30:00,3245.93,1
2761,09:30:00,3245.93,2
2762,09:30:00,3245.93,1
2763,09:30:00,3245.93,4
2764,09:30:00,3245.93,1
2765,09:30:00,3245.93,1
2766,09:30:00,3245.93,1
2767,09:30:00,3245.93,117
2768,09:30:00,3245.93,8
2769,09:30:00,3245.93,3
2770,09:30:00,3245.93,8
2771,09:30:00,3245.93,12
2772,09:30:00,3245.93,3
2773,09:30:00,3245.93,5
2774,09:30:00,3245.93,1
2775,09:30:00,3245.93,5
2776,09:30:00,3245.93,4
2777,09:30:00,3245.93,1
2778,09:30:00,3245.93,1
2779,09:30:00,3245.93,1
2780,09:30:00,3245.93,1
2781,09:30:00,3245.93,1
2782,09:30:00,3245.93,1
2783,09:30:00,3245.93,1
2784,09:30:00,3245.93,4
2785,09:30:00,3245.93,2
2786,09:30:00,3245.93,1
2787,09:30:00,3245.93,1
2788,09:30:00,3245.93,1
2789,09:30:00,3245.93,1
2790,09:30:00,3245.93,1
2791,09:30:00,3245.93,4
2792,09:30:00,3245.93,1
2793,09:30:00,3245.93,1
2794,09:30:00,3245.93,1
2795,09:30:00,3245.93,3
2796,09:30:00,3245.93,1
2797,09:30:00,3245.93,1
2798,09:30:00,3245.93,3
2799,09:30:00,3245.93,1
2800,09:30:00,3245.93,1
2801,09:30:00,3245.93,1
2802,09:30:00,3245.93,1
2803,09:30:00,3245.93,1
2804,09:30:00,3245.93,1
2805,09:30:00,3245.93,1
2806,09:30:00,3245.93,1
2807,09:30:00,3245.93,1
2808,09:30:00,3245.93,2
2809,09:30:00,3245.93,1
2810,09:30:00,3245.93,2
2811,09:30:00,3245.93,1
2812,09:30:00,3245.93,1
2813,09:30:00,3245.93,1
2814,09:30:00,3245.93,4
2815,09:30:00,3245.93,1
2816,09:30:00,3245.93,3
2817,09:30:00,3245.93,1
2818,09:30:00,3245.93,1
2819,09:30:00,3245.93,1
2820,09:30:00,3245.93,3
2821,09:30:00,3245.93,2
2822,09:30:00,3245.93,1
2823,09:30:00,3245.93,1
2824,09:30:00,3245.93,1
2825,09:30:00,3245.93,1
2826,09:30:00,3245.93,10
2827,09:30:00,3245.93,145
2828,09:30:00,3245.93,6
2829,09:30:00,3245.93,37
2830,09:30:00,3245.93,1
2831,09:30:00,3245.93,1
2832,09:30:00,3245.93,1
2833,09:30:00,3245.93,1
2834,09:30:00,3245.93,1
2835,09:30:00,3245.93,1
2836,09:30:00,3245.93,1
2837,09:30:00,3245.93,3
2838,09:30:00,3245.93,1
2839,09:30:00,3245.93,1
2840,09:30:00,3245.93,7
2841,09:30:00,3245.93,6
2842,09:30:00,3245.93,3
2843,09:30:00,3245.93,3
2844,09:30:00,3245.93,1
2845,09:30:00,3245.93,1
2846,09:30:00,3245.93,1
2847,09:30:00,3245.93,121
2848,09:30:00,3245.93,121
2849,09:30:00,3245.93,120
2850,09:30:00,3245.93,3
2851,09:30:00,3245.93,1
2852,09:30:00,3245.93,10
2853,09:30:00,3245.93,1
2854,09:30:00,3245.93,3
2855,09:30:00,3245.93,121
2856,09:30:00,3245.93,121
2857,09:30:00,3245.93,1
2858,09:30:00,3245.93,120
2859,09:30:00,3245.93,121
2860,09:30:00,3245.93,8
2861,09:30:00,3245.93,121
2862,09:30:00,3245.93,1
2863,09:30:00,3245.93,120
2864,09:30:00,3245.93,121
2865,09:30:00,3245.93,121
2866,09:30:00,3245.93,120
2867,09:30:00,3245.93,121
2868,09:30:00,3245.93,121
2869,09:30:00,3245.93,120
2870,09:30:00,3245.93,121
2871,09:30:00,3245.93,121
2872,09:30:00,3245.93,120
2873,09:30:00,3245.93,121
2874,09:30:00,3245.93,121
2875,09:30:00,3245.93,120
2876,09:30:00,3245.93,121
2877,09:30:00,3245.93,121
2878,09:30:00,3245.93,121
2879,09:30:00,3245.93,2
2880,09:30:00,3245.93,1
2881,09:30:00,3245.93,120
2882,09:30:00,3245.93,5
2883,09:30:00,3245.93,50
2884,09:30:00,3245.93,15
2885,09:30:00,3245.93,4
2886,09:30:00,3245.93,2
2887,09:30:00,3245.93,2
2888,09:30:00,3245.93,3
2889,09:30:00,3245.93,20
2890,09:30:00,3245.93,15
2891,09:30:00,3245.93,121
2892,09:30:00,3245.93,121
2893,09:30:00,3245.93,120
2894,09:30:00,3245.93,2
2895,09:30:00,3245.93,121
2896,09:30:00,3245.93,121
2897,09:30:00,3245.93,60
2898,09:30:00,3245.93,60
2899,09:30:00,3245.93,61
2900,09:30:00,3245.93,60
2901,09:30:00,3245.93,60
2902,09:30:00,3245.93,61
2903,09:30:00,3245.93,60
2904,09:30:00,3245.93,60
2905,09:30:00,3245.93,61
2906,09:30:00,3245.93,60
2907,09:30:00,3245.93,1
2908,09:30:00,3245.93,1
2909,09:30:00,3245.93,2
2910,09:30:00,3245.93,1
2911,09:30:00,3245.93,1
2912,09:30:00,3245.93,3
2913,09:30:00,3245.93,3
2914,09:30:00,3245.93,2
2915,09:30:00,3245.93,1
2916,09:30:00,3245.93,1
2917,09:30:00,3245.93,1
2918,09:30:00,3245.93,5
2919,09:30:00,3245.93,1
2920,09:30:00,3245.93,6
2921,09:30:00,3245.93,100
2922,09:30:00,3245.93,10
2923,09:30:00,3245.93,48
2924,09:30:00,3245.93,5
2925,09:30:00,3245.93,1
2926,09:30:00,3245.93,20
2927,09:30:00,3245.93,5
2928,09:30:00,3245.93,1
2929,09:30:00,3245.93,1
2930,09:30:00,3245.93,5
2931,09:30:00,3245.93,8
2932,09:30:00,3245.93,7
2933,09:30:00,3245.93,5
2934,09:30:00,3245.93,5
2935,09:30:00,3245.93,2
2936,09:30:00,3245.93,1
2937,09:30:00,3245.93,1
2938,09:30:00,3245.93,5
2939,09:30:00,3245.93,30
2940,09:30:00,3245.93,1
2941,09:30:00,3245.93,4
2942,09:30:00,3245.93,2
2943,09:30:00,3245.93,50
2944,09:30:00,3245.93,1
2945,09:30:00,3245.93,5
2946,09:30:00,3245.93,6
2947,09:30:00,3245.93,8
2948,09:30:00,3245.93,5
2949,09:30:00,3245.93,4
2950,09:30:00,3245.93,10
2951,09:30:00,3245.93,3
2952,09:30:00,3245.93,3
2953,09:30:00,3245.93,6
2954,09:30:00,3245.93,5
2955,09:30:00,3245.93,4
2956,09:30:00,3245.93,7
2957,09:30:00,3245.93,10
2958,09:30:00,3245.93,3
2959,09:30:00,3245.93,24
2960,09:30:00,3245.93,17
2961,09:30:00,3245.93,30
2962,09:30:00,3245.93,30
2963,09:30:00,3245.93,1
2964,09:30:00,3245.93,25
2965,09:30:00,3245.93,1
2966,09:30:00,3245.93,15
2967,09:30:00,3245.93,3
2968,09:30:00,3245.93,100
2969,09:30:00,3245.93,7
2970,09:30:00,3245.93,2
2971,09:30:00,3245.93,3
2972,09:30:00,3245.93,1
2973,09:30:00,3245.93,6
2974,09:30:00,3245.93,6
2975,09:30:00,3245.93,7
2976,09:30:00,3245.93,5
2977,09:30:00,3245.93,20
2978,09:30:00,3245.93,30
2979,09:30:00,3245.93,8
2980,09:30:00,3245.93,25
2981,09:30:00,3245.93,25
2982,09:30:00,3245.93,2
2983,09:30:00,3245.93,1
2984,09:30:00,3245.93,2
2985,09:30:00,3245.93,9
2986,09:30:00,3245.93,199
2987,09:30:00,3245.93,120
2988,09:30:00,3245.93,121
2989,09:30:00,3245.93,121
2990,09:30:00,3245.93,120
2991,09:30:00,3245.93,3
2992,09:30:00,3245.93,121
2993,09:30:00,3245.93,121
2994,09:30:00,3245.93,120
2995,09:30:00,3245.93,10
2996,09:30:00,3245.93,5
2997,09:30:00,3245.93,121
2998,09:30:00,3245.93,7
2999,09:30:00,3245.93,2
3000,09:30:00,3245.93,121
3001,09:30:00,3245.93,120
3002,09:30:00,3245.93,50
3003,09:30:00,3245.93,121
3004,09:30:00,3245.93,5
3005,09:30:00,3245.93,4
3006,09:30:00,3245.93,2
3007,09:30:00,3245.93,1
3008,09:30:00,3245.93,3
3009,09:30:00,3245.93,10
3010,09:30:00,3245.93,1
3011,09:30:00,3245.93,3
3012,09:30:00,3245.93,10
3013,09:30:00,3245.93,273
3014,09:30:00,3245.93,120
3015,09:30:00,3245.93,351
3016,09:30:00,3245.93,121
3017,09:30:00,3245.93,5
3018,09:30:00,3245.93,15
3019,09:30:00,3245.93,121
3020,09:30:00,3245.93,120
3021,09:30:00,3245.93,121
3022,09:30:00,3245.93,121
3023,09:30:00,3245.93,120
3024,09:30:00,3245.93,121
3025,09:30:00,3245.93,121
3026,09:30:00,3245.93,1
3027,09:30:00,3245.93,46
3028,09:30:00,3245.93,1
3029,09:30:00,3245.93,3
3030,09:30:00,3245.93,3
3031,09:30:00,3245.93,1
3032,09:30:00,3245.93,40
3033,09:30:00,3245.93,100
3034,09:30:00,3245.93,1
3035,09:30:00,3245.93,1
3036,09:30:00,3245.93,50
3037,09:30:00,3245.93,31
3038,09:30:00,3245.93,15
3039,09:30:00,3245.93,209
3040,09:30:00,3245.93,3
3041,09:30:00,3245.93,3
3042,09:30:00,3245.93,2
3043,09:30:00,3245.93,4
3044,09:30:00,3245.93,10
3045,09:30:00,3245.93,121
3046,09:30:00,3245.93,120
3047,09:30:00,3245.93,1
3048,09:30:00,3245.93,121
3049,09:30:00,3245.93,10
3050,09:30:00,3245.93,121
3051,09:30:00,3245.93,5
3052,09:30:00,3245.93,2
3053,09:30:00,3245.93,200
3054,09:30:00,3245.93,121
3055,09:30:00,3245.93,20
3056,09:30:00,3246.285,100
3057,10:29:56,3280.0,100
3058,10:29:55,3281.095,100
3059,10:29:54,3279.555,1000
3060,10:29:54,3280.2279,1000
3061,10:29:53,3280.98,200
3062,10:29:53,3279.175,100
3063,10:29:53,3279.175,1000
3064,10:29:50,3277.75,100
3065,10:29:42,3280.3122,120
3066,10:29:42,3280.3122,296
3067,10:29:42,3281.024,100
3068,10:29:42,3280.3122,156
3069,10:29:42,3280.72,100
3070,10:29:42,3281.024,100
3071,10:29:39,3281.585,1000
3072,10:29:38,3282.6,100
3073,10:29:38,3280.6649,1000
3074,10:29:38,3281.4,100
3075,10:29:38,3281.61,100
3076,10:29:37,3282.66,100
3077,10:29:37,3281.555,1000
3078,10:29:35,3281.855,100
3079,10:29:34,3281.98,100
3080,10:29:31,3283.0117,1000
3081,10:29:30,3283.71,200
3082,10:29:30,3282.59,100
3083,10:29:30,3282.08,100
3084,10:29:30,3281.0999,100
3085,10:29:29,3280.84,100
3086,10:29:29,3282.0899,100
3087,10:29:27,3280.925,100
3088,10:29:25,3283.3199,200
3089,10:29:19,3282.556,249
3090,10:29:19,3282.978,100
3091,10:29:19,3282.92,100
3092,10:29:16,3284.173,200
3093,10:29:13,3284.055,100
3094,10:29:13,3284.0,150
3095,10:29:13,3283.3402,102
3096,10:29:12,3283.9517,300
3097,10:29:05,3284.95,100
3098,10:29:05,3285.0,183
3099,10:29:05,3285.0,100
3100,10:29:05,3284.4009,117
3101,10:29:05,3284.4009,304
3102,10:29:05,3283.5,118
3103,10:29:05,3284.0,767
3104,10:29:05,3284.0,300
3105,10:29:05,3283.5,100
3106,10:29:05,3283.5,100
3107,10:29:05,3283.99,100
3108,10:29:05,3283.5,100
3109,10:29:05,3284.0,118
3110,10:29:05,3284.0,178
3111,10:29:05,3284.0,100
3112,10:29:05,3284.0,100
3113,10:29:05,3283.999,100
3114,10:29:04,3282.395,1000
3115,10:29:03,3284.0,100
3116,10:29:03,3283.73,100
3117,10:29:03,3283.1005,1000
3118,10:29:02,3282.95,100
3119,10:29:02,3283.0,220
3120,10:29:02,3283.0,169
3121,10:29:02,3283.0,100
3122,10:29:02,3282.32,100
3123,10:29:01,3281.89,100
3124,10:28:59,3281.56,1000
3125,10:28:58,3281.52,100
3126,10:28:58,3281.56,100
3127,10:28:58,3281.56,100
3128,10:28:58,3281.564,100
3129,10:28:58,3281.38,100
3130,10:28:58,3281.12,100
3131,10:28:58,3281.564,100
3132,10:28:58,3281.06,100
3133,10:28:57,3281.565,1000
3134,10:28:56,3282.32,100
3135,10:28:56,3281.565,100
3136,10:28:50,3281.265,158
3137,10:28:49,3281.265,300
3138,10:28:41,3282.15,100
3139,10:28:30,3279.1701,100
3140,10:28:23,3281.165,100
3141,10:28:22,3282.21,102
3142,10:28:19,3281.73,100
3143,10:28:16,3283.0,100
3144,10:28:11,3281.8,100
3145,10:28:11,3281.78,100
3146,10:28:11,3282.104,100
3147,10:28:11,3281.67,100
3148,10:28:11,3282.104,100
3149,10:28:11,3281.64,100
3150,10:28:10,3282.0,281
3151,10:28:10,3281.135,1000
3152,10:28:10,3280.8554,1000
3153,10:28:08,3281.12,300
3154,10:28:03,3282.0,100
3155,10:28:03,3281.34,100
3156,10:27:58,3279.825,100
3157,10:27:58,3279.825,100
3158,10:27:54,3279.585,117
3159,10:27:54,3279.585,100
3160,10:27:51,3278.7575,100
3161,10:27:51,3279.52,1000
3162,10:27:51,3278.7125,100
3163,10:27:51,3279.27,100
3164,10:27:51,3277.65,100
3165,10:27:50,3276.4125,100
3166,10:27:49,3276.9869,1000
3167,10:27:48,3276.825,1000
3168,10:27:44,3276.43,100
3169,10:27:41,3276.44,100
3170,10:27:31,3277.89,100
3171,10:27:31,3277.85,100
3172,10:27:25,3277.37,200
3173,10:27:24,3277.48,125
3174,10:27:21,3280.439,300
3175,10:27:21,3278.5079,200
3176,10:27:21,3280.439,200
3177,10:27:21,3280.0,100
3178,10:27:21,3280.439,100
3179,10:27:21,3280.0,300
3180,10:27:21,3280.33,100
3181,10:27:21,3280.0,200
3182,10:27:20,3280.435,1000
3183,10:27:20,3280.3204,1000
3184,10:27:07,3280.24,140
3185,10:27:06,3281.005,102
3186,10:27:02,3281.215,400
3187,10:27:02,3280.916,100
3188,10:27:02,3279.9599,100
3189,10:27:02,3279.96,100
3190,10:27:02,3279.97,179
3191,10:27:02,3279.9599,100
3192,10:27:01,3279.62,100
3193,10:27:01,3279.1739,1000
3194,10:27:01,3278.745,100
3195,10:27:01,3278.745,1100
3196,10:27:00,3278.8,1000
3197,10:26:55,3278.71,100
3198,10:26:51,3278.0,100
3199,10:26:48,3278.355,100
3200,10:26:44,3279.585,100
3201,10:26:30,3280.485,100
3202,10:26:27,3280.495,100
3203,10:26:27,3281.52,200
3204,10:26:26,3280.88,100
3205,10:26:26,3280.4,100
3206,10:26:12,3280.001,250
3207,10:26:05,3280.78,102
3208,10:26:03,3282.38,100
3209,10:26:00,3281.275,400
3210,10:25:51,3282.22,100
3211,10:25:50,3282.7402,100
3212,10:25:49,3282.235,100
3213,10:25:49,3282.0,100
3214,10:25:48,3282.93,100
3215,10:25:47,3282.0,100
3216,10:25:47,3282.0,296
3217,10:25:31,3281.465,100
3218,10:25:25,3279.8161,102
3219,10:25:18,3280.5,100
3220,10:25:15,3278.182,100
3221,10:25:13,3279.46,100
3222,10:25:02,3279.94,100
3223,10:24:55,3279.045,100
3224,10:24:51,3280.12,100
3225,10:24:49,3279.935,100
3226,10:24:48,3279.935,100
3227,10:24:40,3281.3,100
3228,10:24:27,3279.2,100
3229,10:24:26,3279.9,100
3230,10:24:24,3279.69,100
3231,10:24:21,3282.0,100
3232,10:24:17,3280.0001,200
3233,10:24:08,3280.795,102
3234,10:24:08,3280.0,100
3235,10:24:05,3280.95,100
3236,10:24:05,3281.0,180
3237,10:24:05,3281.0,116
3238,10:24:04,3279.6201,100
3239,10:24:04,3280.67,100
3240,10:24:04,3280.09,100
3241,10:24:04,3280.0,296
3242,10:24:04,3280.0,300
3243,10:24:03,3279.135,100
3244,10:24:02,3278.8185,100
3245,10:24:00,3278.7933,100
3246,10:23:51,3278.825,100
3247,10:23:49,3279.0,125
3248,10:23:48,3278.99,100
3249,10:23:48,3278.73,100
3250,10:23:41,3277.08,100
3251,10:23:40,3277.45,300
3252,10:23:32,3277.94,100
3253,10:23:31,3277.0,100
3254,10:23:28,3277.94,100
3255,10:23:27,3277.94,100
3256,10:23:27,3277.94,100
3257,10:23:19,3278.0,397
3258,10:23:14,3277.99,100
3259,10:23:14,3277.96,100
3260,10:23:13,3278.99,100
3261,10:23:13,3277.6,100
3262,10:23:13,3276.99,221
3263,10:23:13,3277.44,100
3264,10:23:09,3278.215,100
3265,10:22:59,3278.0,198
3266,10:22:59,3276.99,100
3267,10:22:59,3276.94,100
3268,10:22:55,3275.535,100
3269,10:22:54,3277.0,100
3270,10:22:53,3275.3,100
3271,10:22:51,3275.795,100
3272,10:22:48,3275.63,100
3273,10:22:48,3275.68,100
3274,10:22:48,3275.68,100
3275,10:22:48,3275.82,100
3276,10:22:47,3275.45,100
3277,10:22:34,3274.73,100
3278,10:22:34,3276.48,100
3279,10:22:32,3274.4577,102
3280,10:22:29,3276.755,120
3281,10:22:28,3277.77,100
3282,10:22:27,3276.995,100
3283,10:22:25,3277.9,100
3284,10:22:24,3277.62,100
3285,10:22:19,3277.77,200
3286,10:22:19,3277.617,100
3287,10:22:18,3277.514,100
3288,10:22:13,3277.9899,102
3289,10:22:13,3277.99,100
3290,10:22:12,3276.99,100
3291,10:22:12,3277.0,206
3292,10:22:12,3276.47,100
3293,10:22:12,3276.52,100
3294,10:22:11,3276.1182,300
3295,10:21:57,3274.79,100
3296,10:21:57,3275.43,100
3297,10:21:26,3276.765,300
3298,10:21:22,3276.905,250
3299,10:21:20,3277.3,102
3300,10:21:20,3277.905,100
3301,10:21:18,3275.8256,100
3302,10:21:17,3276.735,1452
3303,10:21:17,3276.0,100
3304,10:21:16,3275.015,1500
3305,10:21:15,3274.71,100
3306,10:21:03,3273.3058,305
3307,10:21:03,3273.3058,267
3308,10:21:03,3272.7975,129
3309,10:21:01,3272.0101,1000
3310,10:21:01,3272.7799,305
3311,10:20:59,3275.26,102
3312,10:20:56,3275.17,150
3313,10:20:42,3273.21,100
3314,10:20:40,3273.4999,200
3315,10:20:36,3274.9106,100
3316,10:20:35,3272.284,100
3317,10:20:34,3274.285,1000
3318,10:20:33,3274.2107,1000
3319,10:20:30,3273.648,102
3320,10:20:26,3273.55,100
3321,10:20:26,3273.56,100
3322,10:20:26,3273.56,121
3323,10:20:26,3273.55,101
3324,10:20:23,3273.0,275
3325,10:20:21,3273.0,100
3326,10:20:21,3272.978,100
3327,10:20:21,3272.5699,100
3328,10:20:21,3272.5699,113
3329,10:20:21,3272.5699,100
3330,10:20:21,3272.5699,100
3331,10:20:21,3272.57,100
3332,10:20:21,3272.5699,100
3333,10:20:21,3272.57,100
3334,10:20:21,3272.56,100
3335,10:20:21,3272.57,100
3336,10:20:21,3272.5699,100
3337,10:20:21,3271.6799,974
3338,10:20:20,3271.22,1000
3339,10:20:09,3270.53,401
3340,10:20:09,3270.53,275
3341,10:20:08,3270.69,1000
3342,10:20:08,3269.2047,1000
3343,10:20:04,3270.69,1000
3344,10:19:50,3272.8,100
3345,10:19:43,3272.04,300
3346,10:19:43,3273.5399,600
3347,10:19:43,3273.0381,443
3348,10:19:42,3271.621,100
3349,10:19:42,3271.621,100
3350,10:19:42,3270.54,200
3351,10:19:42,3271.15,100
3352,10:19:42,3271.15,100
3353,10:19:42,3270.98,100
3354,10:19:42,3270.82,100
3355,10:19:41,3270.4794,935
3356,10:19:40,3269.895,1000
3357,10:19:37,3270.66,100
3358,10:19:34,3269.5,500
3359,10:19:16,3270.6207,100
3360,10:19:11,3270.1461,498
3361,10:19:11,3270.37,100
3362,10:19:11,3268.91,100
3363,10:19:11,3270.0,100
3364,10:19:09,3270.823,500
3365,10:19:07,3270.84,500
3366,10:19:05,3270.4641,135
3367,10:19:00,3271.94,500
3368,10:18:53,3272.645,100
3369,10:18:52,3272.7478,302
3370,10:18:50,3272.905,100
3371,10:18:44,3272.9,100
3372,10:18:41,3271.89,120
3373,10:18:37,3271.9683,271
3374,10:18:32,3271.045,100
3375,10:18:28,3271.055,102
3376,10:18:25,3271.055,100
3377,10:18:21,3270.1281,158
3378,10:18:04,3269.875,100
3379,10:18:04,3270.1065,200
3380,10:18:03,3269.918,500
3381,10:18:02,3269.92,500
3382,10:18:02,3270.3106,1000
3383,10:18:02,3269.958,500
3384,10:17:53,3269.07,100
3385,10:17:53,3269.07,100
3386,10:17:53,3269.16,100
3387,10:17:46,3268.2,100
3388,10:17:43,3267.92,100
3389,10:17:43,3267.94,100
3390,10:17:42,3266.6118,500
3391,10:17:42,3266.34,500
3392,10:17:41,3267.85,209
3393,10:17:38,3268.07,100
3394,10:17:38,3268.09,100
3395,10:17:38,3268.07,100
3396,10:17:38,3268.09,100
3397,10:17:29,3267.64,100
3398,10:17:29,3267.5,100
3399,10:17:29,3268.455,100
3400,10:17:28,3267.375,100
3401,10:17:28,3269.37,100
3402,10:17:28,3265.67,100
3403,10:17:18,3269.94,100
3404,10:17:17,3268.4798,102
3405,10:17:16,3269.37,100
3406,10:17:15,3270.0799,147
3407,10:17:05,3269.16,100
3408,10:17:04,3269.86,100
3409,10:17:03,3270.43,144
3410,10:17:03,3270.43,305
3411,10:17:02,3269.1601,100
3412,10:17:02,3269.775,1000
3413,10:17:01,3269.606,1000
3414,10:16:59,3268.995,100
3415,10:16:54,3270.0,106
3416,10:16:54,3269.772,100
3417,10:16:51,3268.78,100
3418,10:16:50,3267.88,100
3419,10:16:49,3268.86,100
3420,10:16:48,3267.8313,831
3421,10:16:47,3265.26,800
3422,10:16:47,3265.26,100
3423,10:16:46,3264.005,102
3424,10:16:45,3264.4482,200
3425,10:16:34,3266.885,102
3426,10:16:34,3265.9826,105
3427,10:16:26,3265.25,100
3428,10:16:26,3266.595,100
3429,10:16:23,3267.2352,1000
3430,10:16:22,3266.5501,1000
3431,10:16:21,3267.1888,1000
3432,10:16:18,3267.48,400
3433,10:16:16,3267.07,100
3434,10:16:16,3267.49,100
3435,10:16:09,3265.975,102
3436,10:16:09,3266.88,100
3437,10:16:04,3265.485,1000
3438,10:16:03,3263.24,771
3439,10:16:02,3264.2999,1000
3440,10:15:58,3262.715,100
3441,10:15:55,3263.0793,677
3442,10:15:55,3262.49,100
3443,10:15:54,3261.9,1000
3444,10:15:53,3262.3476,872
3445,10:15:53,3262.3476,105
3446,10:15:42,3259.2348,102
3447,10:15:34,3259.39,100
3448,10:15:34,3259.495,100
3449,10:15:34,3259.18,100
3450,10:15:34,3258.8,279
3451,10:15:26,3259.61,100
3452,10:15:20,3259.645,100
3453,10:15:19,3259.73,100
3454,10:15:14,3260.5,279
3455,10:15:14,3260.5,117
3456,10:15:14,3260.5,155
3457,10:15:10,3260.5,111
3458,10:15:10,3260.5,351
3459,10:15:10,3258.8375,124
3460,10:15:07,3259.75,100
3461,10:15:07,3259.755,100
3462,10:15:07,3259.755,100
3463,10:15:06,3259.505,300
3464,10:15:06,3259.515,300
3465,10:15:06,3259.505,100
3466,10:15:06,3259.51,100
3467,10:15:06,3259.505,200
3468,10:15:06,3259.505,194
3469,10:15:06,3260.75,306
3470,10:15:06,3259.505,500
3471,10:15:05,3259.86,1000
3472,10:15:05,3259.86,200
3473,10:15:05,3259.5862,306
3474,10:15:05,3259.86,200
3475,10:15:05,3259.86,294
3476,10:15:04,3260.045,1000
3477,10:15:04,3259.37,100
3478,10:15:04,3259.37,100
3479,10:15:04,3259.32,200
3480,10:15:03,3259.8933,306
3481,10:15:03,3259.8933,409
3482,10:15:03,3260.0,152
3483,10:15:03,3260.304,152
3484,10:15:03,3260.304,100
3485,10:15:03,3260.0,100
3486,10:15:00,3260.58,100
3487,10:14:57,3260.98,102
3488,10:14:54,3260.925,100
3489,10:14:49,3261.99,100
3490,10:14:40,3260.4648,102
3491,10:14:40,3262.3499,200
3492,10:14:28,3260.82,200
3493,10:14:28,3261.97,500
3494,10:14:23,3261.6806,1000
3495,10:14:22,3260.42,1000
3496,10:14:19,3262.0,100
3497,10:14:15,3260.6102,102
3498,10:14:14,3261.96,100
3499,10:14:06,3263.7977,200
3500,10:14:00,3261.36,100
3501,10:14:00,3261.37,100
3502,10:14:00,3261.38,100
3503,10:14:00,3261.0,100
3504,10:14:00,3260.8,100
3505,10:13:59,3260.45,200
3506,10:13:51,3260.0,100
3507,10:13:50,3259.0,200
3508,10:13:50,3258.7317,306
3509,10:13:50,3259.0,200
3510,10:13:50,3259.0,294
3511,10:13:50,3259.0,1000
3512,10:13:33,3260.0603,121
3513,10:13:33,3260.0603,249
3514,10:13:33,3260.0603,1514
3515,10:13:27,3261.0,199
3516,10:13:27,3260.1,100
3517,10:13:27,3260.5,725
3518,10:13:27,3260.6,100
3519,10:13:26,3259.365,500
3520,10:13:26,3260.38,100
3521,10:13:26,3259.89,100
3522,10:13:26,3259.0,100
3523,10:13:19,3261.64,100
3524,10:13:08,3261.23,100
3525,10:13:07,3261.61,100
3526,10:13:06,3260.805,102
3527,10:13:02,3260.805,200
3528,10:12:57,3262.11,176
3529,10:12:57,3261.305,200
3530,10:12:44,3262.452,1000
3531,10:12:43,3262.17,1000
3532,10:12:38,3263.465,102
3533,10:12:30,3264.0,100
3534,10:12:30,3264.0,100
3535,10:12:30,3264.8015,506
3536,10:12:30,3263.5,100
3537,10:12:30,3263.5,100
3538,10:12:30,3263.5,100
3539,10:12:29,3264.0,100
3540,10:12:29,3263.21,1000
3541,10:12:28,3264.0,100
3542,10:12:27,3263.99,100
3543,10:12:27,3263.99,100
3544,10:12:27,3264.0,100
3545,10:12:27,3263.21,100
3546,10:12:27,3263.95,100
3547,10:12:27,3264.0,100
3548,10:12:26,3263.21,100
3549,10:12:20,3264.9,100
3550,10:12:20,3264.9,100
3551,10:12:20,3264.9,100
3552,10:12:20,3264.6,100
3553,10:12:06,3262.8399,100
3554,10:12:06,3262.84,100
3555,10:12:06,3261.91,102
3556,10:12:04,3261.25,100
3557,10:12:03,3260.88,100
3558,10:11:58,3260.5,400
3559,10:11:53,3259.2,100
3560,10:11:52,3259.2,100
3561,10:11:52,3259.2,100
3562,10:11:52,3259.2,100
3563,10:11:48,3257.8845,100
3564,10:11:30,3259.87,100
3565,10:11:26,3258.4594,100
3566,10:11:22,3258.005,100
3567,10:11:21,3258.1346,100
3568,10:11:16,3258.78,100
3569,10:11:15,3260.16,100
3570,10:11:13,3260.92,100
3571,10:11:13,3259.89,100
3572,10:11:09,3258.69,100
3573,10:11:07,3258.57,102
3574,10:10:57,3259.82,100
3575,10:10:55,3259.26,102
3576,10:10:52,3261.825,100
3577,10:10:52,3261.81,100
3578,10:10:42,3259.825,100
3579,10:10:40,3262.1359,100
3580,10:10:32,3263.3688,200
3581,10:10:31,3263.255,100
3582,10:10:30,3262.1651,1000
3583,10:10:30,3262.34,102
3584,10:10:29,3262.29,1000
3585,10:10:28,3262.99,100
3586,10:10:27,3262.2334,120
3587,10:10:27,3261.4482,638
3588,10:10:27,3260.37,100
3589,10:10:27,3260.36,100
3590,10:10:27,3260.86,100
3591,10:10:26,3260.29,1000
3592,10:10:20,3260.8177,100
3593,10:10:18,3261.0589,250
3594,10:10:14,3260.5843,102
3595,10:10:09,3258.9167,300
3596,10:10:08,3258.825,100
3597,10:10:03,3259.5604,189
3598,10:09:53,3259.03,100
3599,10:09:49,3257.35,100
3600,10:09:45,3255.2,100
3601,10:09:45,3255.64,100
3602,10:09:45,3255.2,200
3603,10:09:45,3255.2,100
3604,10:09:37,3256.84,100
3605,10:09:32,3257.345,150
3606,10:09:30,3257.4,100
3607,10:09:30,3258.1,302
3608,10:09:30,3257.82,100
3609,10:09:30,3257.82,100
3610,10:09:30,3257.6,100
3611,10:09:29,3257.82,1000
3612,10:09:29,3257.04,100
3613,10:09:28,3257.03,100
3614,10:09:28,3258.0995,568
3615,10:09:28,3257.03,100
3616,10:09:28,3257.51,100
3617,10:09:28,3257.52,100
3618,10:09:28,3257.398,100
3619,10:09:28,3256.898,100
3620,10:09:28,3256.96,100
3621,10:09:28,3257.46,100
3622,10:09:28,3257.1,100
3623,10:09:28,3257.11,100
3624,10:09:27,3256.11,100
3625,10:09:27,3257.0,100
3626,10:09:27,3257.01,100
3627,10:09:27,3257.855,100
3628,10:09:23,3257.89,100
3629,10:09:23,3257.89,100
3630,10:09:21,3258.3234,300
3631,10:09:18,3257.885,100
3632,10:09:10,3257.74,100
3633,10:09:09,3258.0983,100
3634,10:09:08,3257.995,100
3635,10:09:07,3258.28,100
3636,10:09:07,3258.28,100
3637,10:09:03,3258.29,100
3638,10:09:03,3258.25,131
3639,10:09:01,3260.742,500
3640,10:09:01,3261.305,100
3641,10:09:00,3260.61,100
3642,10:09:00,3260.7554,1000
3643,10:09:00,3261.3,1000
3644,10:08:52,3261.905,100
3645,10:08:49,3261.93,200
3646,10:08:48,3262.325,250
3647,10:08:35,3262.245,100
3648,10:08:34,3262.6,100
3649,10:08:34,3263.76,100
3650,10:08:34,3263.76,100
3651,10:08:33,3263.77,100
3652,10:08:33,3264.6321,250
3653,10:08:32,3263.45,300
3654,10:08:25,3263.51,100
3655,10:08:22,3263.44,102
3656,10:08:20,3263.5289,100
3657,10:08:15,3263.475,100
3658,10:08:15,3262.86,100
3659,10:08:15,3262.86,100
3660,10:08:15,3262.86,100
3661,10:08:14,3261.4,100
3662,10:08:07,3261.6,100
3663,10:08:07,3261.36,102
3664,10:08:07,3261.36,100
3665,10:08:07,3260.4863,100
3666,10:08:05,3260.11,100
3667,10:08:04,3261.9027,140
3668,10:08:03,3261.07,101
3669,10:08:03,3261.9145,250
3670,10:08:02,3261.185,100
3671,10:08:00,3262.205,100
3672,10:07:57,3263.345,100
3673,10:07:57,3263.665,100
3674,10:07:57,3263.665,100
3675,10:07:56,3263.655,100
3676,10:07:56,3263.665,100
3677,10:07:56,3263.665,100
3678,10:07:53,3263.665,100
3679,10:07:53,3263.665,150
3680,10:07:43,3264.34,100
3681,10:07:42,3264.265,800
3682,10:07:41,3263.09,100
3683,10:07:41,3263.09,100
3684,10:07:41,3262.93,100
3685,10:07:40,3261.565,100
3686,10:07:38,3261.48,100
3687,10:07:33,3262.14,100
3688,10:07:20,3264.185,100
3689,10:07:15,3263.6175,100
3690,10:07:15,3263.6175,100
3691,10:07:11,3264.775,100
3692,10:07:11,3264.775,100
3693,10:07:11,3264.775,100
3694,10:07:11,3264.775,100
3695,10:07:09,3264.41,100
3696,10:07:09,3264.41,100
3697,10:07:08,3265.19,100
3698,10:07:03,3265.5867,150
3699,10:07:03,3266.7089,250
3700,10:06:54,3266.545,102
3701,10:06:52,3266.27,200
3702,10:06:49,3267.395,100
3703,10:06:47,3266.294,100
3704,10:06:47,3266.241,140
3705,10:06:46,3267.3784,150
3706,10:06:41,3266.54,245
3707,10:06:41,3266.54,100
3708,10:06:41,3266.54,100
3709,10:06:41,3266.68,100
3710,10:06:41,3266.69,100
3711,10:06:38,3265.27,100
3712,10:06:37,3264.73,100
3713,10:06:35,3265.6,100
3714,10:06:35,3265.9,100
3715,10:06:35,3265.88,100
3716,10:06:34,3264.4375,100
3717,10:06:33,3265.345,102
3718,10:06:33,3265.345,100
3719,10:06:26,3265.7,100
3720,10:06:26,3265.605,100
3721,10:06:19,3267.1,100
3722,10:06:15,3266.89,100
3723,10:06:11,3266.38,100
3724,10:06:07,3265.95,200
3725,10:06:06,3265.95,102
3726,10:06:05,3265.42,100
3727,10:06:04,3265.42,100
3728,10:06:03,3267.9784,150
3729,10:06:00,3268.92,100
3730,10:05:58,3268.54,100
3731,10:05:58,3268.54,100
3732,10:05:58,3267.74,100
3733,10:05:48,3266.95,150
3734,10:05:47,3269.6099,200
3735,10:05:45,3267.845,100
3736,10:05:45,3267.03,100
3737,10:05:44,3266.086,100
3738,10:05:42,3266.89,100
3739,10:05:42,3266.88,100
3740,10:05:42,3266.25,100
3741,10:05:34,3266.7123,250
3742,10:05:33,3266.1,100
3743,10:05:33,3266.0,100
3744,10:05:32,3266.01,100
3745,10:05:27,3265.66,300
3746,10:05:27,3266.0,100
3747,10:05:26,3266.0,100
3748,10:05:26,3265.51,100
3749,10:05:25,3266.175,100
3750,10:05:22,3266.956,100
3751,10:05:21,3265.89,100
3752,10:05:20,3268.005,100
3753,10:05:17,3266.745,100
3754,10:05:13,3267.0,200
3755,10:05:12,3266.5614,100
3756,10:05:11,3266.12,190
3757,10:05:11,3265.93,100
3758,10:05:11,3265.98,100
3759,10:05:02,3264.99,102
3760,10:04:59,3264.29,100
3761,10:04:41,3263.33,121
3762,10:04:41,3264.2242,102
3763,10:04:37,3265.4227,200
3764,10:04:35,3264.53,120
3765,10:04:35,3264.53,398
3766,10:04:34,3264.55,100
3767,10:04:33,3265.66,100
3768,10:04:33,3265.12,100
3769,10:04:26,3261.21,100
3770,10:04:26,3261.22,100
3771,10:04:25,3260.11,100
3772,10:04:23,3260.555,300
3773,10:04:21,3260.6,100
3774,10:04:20,3261.2,100
3775,10:04:20,3261.31,100
3776,10:04:20,3261.2,100
3777,10:04:18,3260.02,100
3778,10:04:15,3262.7,100
3779,10:04:15,3262.54,154
3780,10:04:15,3262.54,100
3781,10:04:12,3265.285,100
3782,10:04:10,3266.13,100
3783,10:04:09,3265.98,100
3784,10:04:08,3266.795,100
3785,10:04:07,3266.56,150
3786,10:04:07,3265.43,100
3787,10:04:05,3264.895,100
3788,10:04:03,3265.875,100
3789,10:04:03,3265.605,100
3790,10:04:02,3265.261,200
3791,10:04:00,3265.7128,153
3792,10:03:57,3263.57,100
3793,10:03:55,3264.8219,200
3794,10:03:52,3263.29,234
3795,10:03:51,3264.14,100
3796,10:03:47,3264.76,100
3797,10:03:45,3264.9,100
3798,10:03:45,3266.3978,200
3799,10:03:44,3265.08,100
3800,10:03:39,3264.0,477
3801,10:03:39,3264.0,113
3802,10:03:39,3264.48,100
3803,10:03:34,3262.56,100
3804,10:03:31,3263.54,100
3805,10:03:31,3264.18,300
3806,10:03:28,3264.5,100
3807,10:03:28,3264.5,111
3808,10:03:25,3261.0997,131
3809,10:03:16,3262.065,100
3810,10:03:14,3261.93,100
3811,10:03:09,3261.6955,102
3812,10:03:08,3260.0,500
3813,10:03:08,3261.72,100
3814,10:03:08,3262.04,100
3815,10:03:08,3261.89,117
3816,10:03:08,3261.91,111
3817,10:03:08,3261.58,100
3818,10:03:06,3259.94,100
3819,10:03:06,3260.98,100
3820,10:03:04,3261.305,1300
3821,10:03:04,3261.22,100
3822,10:03:04,3260.72,100
3823,10:03:03,3261.315,100
3824,10:03:02,3260.99,270
3825,10:03:02,3260.5935,100
3826,10:03:00,3258.683,230
3827,10:02:59,3258.17,100
3828,10:02:59,3260.0,273
3829,10:02:59,3260.0,100
3830,10:02:59,3260.0,100
3831,10:02:59,3260.0,117
3832,10:02:57,3260.105,100
3833,10:02:57,3260.05,100
3834,10:02:56,3261.865,100
3835,10:02:56,3261.825,100
3836,10:02:56,3261.025,690
3837,10:02:51,3262.32,100
3838,10:02:51,3262.14,100
3839,10:02:50,3260.11,200
3840,10:02:49,3261.12,100
3841,10:02:47,3261.9921,100
3842,10:02:44,3261.305,100
3843,10:02:42,3262.08,200
3844,10:02:40,3261.215,100
3845,10:02:37,3261.22,100
3846,10:02:33,3263.015,100
3847,10:02:28,3264.96,100
3848,10:02:26,3263.875,400
3849,10:02:24,3264.98,100
3850,10:02:23,3265.0,100
3851,10:02:23,3265.01,208
3852,10:02:22,3266.139,350
3853,10:02:19,3267.365,100
3854,10:02:18,3266.3401,150
3855,10:02:14,3267.05,100
3856,10:02:14,3267.735,200
3857,10:02:13,3268.3031,500
3858,10:02:08,3267.245,100
3859,10:02:08,3267.25,100
3860,10:02:08,3266.7276,200
3861,10:02:08,3268.38,100
3862,10:02:07,3268.6839,200
3863,10:02:02,3268.9,170
3864,10:02:02,3267.93,100
3865,10:02:02,3267.925,100
3866,10:02:00,3267.1623,100
3867,10:01:57,3268.47,117
3868,10:01:57,3268.47,121
3869,10:01:57,3268.47,122
3870,10:01:54,3268.705,400
3871,10:01:53,3268.92,100
3872,10:01:53,3269.05,100
3873,10:01:50,3269.44,100
3874,10:01:50,3269.1,100
3875,10:01:49,3269.165,100
3876,10:01:49,3269.0,100
3877,10:01:49,3270.0,100
3878,10:01:49,3270.0,100
3879,10:01:45,3272.8875,100
3880,10:01:45,3273.11,100
3881,10:01:45,3273.11,100
3882,10:01:45,3273.11,100
3883,10:01:45,3273.9899,125
3884,10:01:44,3273.15,100
3885,10:01:44,3273.15,100
3886,10:01:39,3274.18,143
3887,10:01:39,3274.18,152
3888,10:01:37,3274.925,300
3889,10:01:37,3275.14,100
3890,10:01:37,3274.605,100
3891,10:01:37,3276.505,100
3892,10:01:35,3276.505,100
3893,10:01:35,3276.505,102
3894,10:01:33,3276.505,100
3895,10:01:30,3276.32,100
3896,10:01:29,3275.13,200
3897,10:01:28,3276.79,100
3898,10:01:27,3275.0,100
3899,10:01:23,3274.62,100
3900,10:01:20,3274.68,100
3901,10:01:12,3274.0,100
3902,10:01:12,3274.2,330
3903,10:01:12,3275.66,100
3904,10:01:12,3276.14,100
3905,10:01:12,3276.14,200
3906,10:01:05,3277.0972,100
3907,10:01:02,3276.03,100
3908,10:01:02,3276.925,100
3909,10:00:57,3277.025,250
3910,10:00:57,3277.025,100
3911,10:00:51,3277.71,102
3912,10:00:45,3277.965,100
3913,10:00:44,3278.225,100
3914,10:00:39,3279.395,600
3915,10:00:39,3279.395,200
3916,10:00:37,3280.0,100
3917,10:00:37,3280.61,100
3918,10:00:37,3279.63,100
3919,10:00:33,3280.14,100
3920,10:00:31,3279.84,100
3921,10:00:24,3279.455,159
3922,10:00:09,3278.17,100
3923,10:00:09,3276.84,100
3924,10:00:08,3276.165,400
3925,10:00:08,3276.16,102
3926,10:00:04,3276.58,100
3927,10:00:04,3275.49,124
3928,10:00:03,3276.11,100
3929,10:59:57,3281.5051,1000
3930,10:59:57,3282.775,1000
3931,10:59:55,3282.96,100
3932,10:59:47,3283.715,100
3933,10:59:45,3283.01,100
3934,10:59:45,3283.01,132
3935,10:59:35,3283.458,100
3936,10:59:35,3284.0,100
3937,10:59:35,3283.458,100
3938,10:59:35,3284.0,100
3939,10:59:35,3283.458,100
3940,10:59:35,3283.99,100
3941,10:59:35,3283.458,100
3942,10:59:34,3283.99,100
3943,10:59:33,3282.9461,500
3944,10:59:32,3282.67,500
3945,10:58:56,3280.51,100
3946,10:58:55,3280.8326,183
3947,10:58:54,3280.51,200
3948,10:58:54,3280.51,200
3949,10:58:53,3281.7398,500
3950,10:58:48,3283.2848,163
3951,10:58:37,3279.295,100
3952,10:58:37,3280.33,100
3953,10:58:36,3280.3899,100
3954,10:58:28,3280.24,100
3955,10:58:24,3281.24,100
3956,10:58:16,3284.26,300
3957,10:58:16,3282.38,500
3958,10:58:15,3284.24,300
3959,10:58:15,3282.1277,500
3960,10:58:15,3284.25,200
3961,10:58:15,3282.03,499
3962,10:58:07,3284.99,100
3963,10:58:07,3283.6491,101
3964,10:57:47,3283.83,101
3965,10:57:38,3283.2701,100
3966,10:57:33,3283.44,191
3967,10:57:33,3283.44,500
3968,10:57:33,3281.6999,100
3969,10:57:33,3281.6999,110
3970,10:57:33,3281.7,110
3971,10:57:32,3281.6006,1000
3972,10:57:32,3281.14,1000
3973,10:57:18,3280.76,947
