,NLS Time (ET),NLS Price,NLS Share Volume
0,09:59:58,3374.01,100
1,09:59:58,3374.0,100
2,09:59:41,3372.23,100
3,09:59:41,3371.57,100
4,09:59:28,3373.56,100
5,09:59:28,3373.56,100
6,09:59:26,3373.56,100
7,09:59:02,3375.53,100
8,09:58:54,3376.0,100
9,09:58:54,3375.8825,500
10,09:58:51,3375.0,100
11,09:58:51,3375.0,100
12,09:58:46,3375.95,100
13,09:58:31,3375.04,100
14,09:58:31,3375.25,100
15,09:58:11,3376.1884,100
16,09:58:00,3376.46,100
17,09:58:00,3376.39,100
18,09:57:58,3376.0,900
19,09:57:58,3376.0,200
20,09:57:55,3375.5,100
21,09:57:55,3375.5,100
22,09:57:55,3375.5,100
23,09:57:55,3375.0,198
24,09:57:54,3374.315,100
25,09:57:49,3373.7823,500
26,09:57:42,3375.01,100
27,09:57:37,3373.85,100
28,09:57:37,3374.01,100
29,09:57:37,3374.0,240
30,09:57:37,3374.0,100
31,09:57:19,3374.285,300
32,09:57:06,3373.565,100
33,09:56:58,3374.85,200
34,09:56:55,3375.5,100
35,09:56:55,3375.5,100
36,09:56:55,3375.53,100
37,09:56:50,3376.0,111
38,09:56:44,3376.0,100
39,09:56:44,3376.0,100
40,09:56:44,3376.0,100
41,09:56:44,3376.0,100
42,09:56:44,3376.0,100
43,09:56:44,3376.0,218
44,09:56:44,3376.0,100
45,09:56:41,3374.95,100
46,09:56:41,3375.0,150
47,09:56:39,3373.38,200
48,09:56:31,3373.9,100
49,09:56:31,3373.99,100
50,09:56:31,3374.0,100
51,09:56:31,3373.925,100
52,09:56:31,3373.98,100
53,09:56:31,3373.09,1000
54,09:56:31,3372.63,100
55,09:56:22,3372.6882,100
56,09:56:21,3372.66,100
57,09:56:21,3372.66,100
58,09:56:20,3372.66,100
59,09:56:20,3372.9999,400
60,09:56:20,3372.66,100
61,09:56:20,3372.66,100
62,09:56:18,3372.66,100
63,09:56:18,3372.66,100
64,09:56:18,3372.66,100
65,09:56:17,3372.17,100
66,09:56:17,3372.66,100
67,09:56:10,3371.6301,100
68,09:56:10,3371.888,100
69,09:56:06,3371.89,180
70,09:56:05,3372.49,100
71,09:56:03,3371.498,200
72,09:55:52,3370.38,100
73,09:55:48,3370.9898,382
74,09:55:40,3370.82,100
75,09:55:40,3370.77,100
76,09:55:25,3371.025,100
77,09:55:17,3370.0,100
78,09:55:17,3370.0,100
79,09:55:17,3370.0,100
80,09:55:17,3369.45,100
81,09:55:14,3369.2,100
82,09:55:09,3368.5096,100
83,09:54:53,3369.7382,100
84,09:54:51,3369.5,100
85,09:54:49,3369.7283,525
86,09:54:49,3369.32,100
87,09:54:42,3367.66,200
88,09:54:42,3368.804,100
89,09:54:42,3368.82,100
90,09:54:40,3367.91,100
91,09:54:31,3368.08,100
92,09:54:31,3368.22,100
93,09:54:26,3368.0,115
94,09:54:21,3366.17,100
95,09:54:19,3365.19,200
96,09:54:16,3364.215,100
97,09:54:16,3365.15,100
98,09:54:16,3365.17,100
99,09:54:11,3365.16,100
100,09:54:09,3364.69,200
101,09:54:09,3364.99,361
102,09:54:05,3364.58,100
103,09:54:05,3364.01,200
104,09:54:04,3363.3503,208
105,09:54:04,3363.3503,377
106,09:54:04,3363.21,200
107,09:54:03,3363.21,130
108,09:54:02,3364.0,100
109,09:54:02,3363.51,100
110,09:54:01,3362.78,200
111,09:54:01,3363.51,240
112,09:54:01,3363.02,100
113,09:54:01,3362.94,200
114,09:54:01,3363.16,400
115,09:54:01,3363.23,100
116,09:54:01,3363.64,200
117,09:54:00,3364.16,500
118,09:54:00,3363.7564,100
119,09:53:58,3363.63,200
120,09:53:55,3363.766,100
121,09:53:54,3364.31,400
122,09:53:52,3364.245,400
123,09:53:52,3364.24,100
124,09:53:52,3364.095,200
125,09:53:50,3364.01,200
126,09:53:46,3364.69,100
127,09:53:46,3364.72,100
128,09:53:46,3364.72,147
129,09:53:42,3365.5981,100
130,09:53:42,3365.0,142
131,09:53:38,3366.65,100
132,09:53:37,3366.2,170
133,09:53:32,3366.155,120
134,09:53:29,3365.4983,100
135,09:53:28,3365.4,100
136,09:53:28,3365.44,100
137,09:53:28,3365.58,100
138,09:53:28,3365.4035,100
139,09:53:28,3365.4,100
140,09:53:27,3367.24,100
141,09:53:27,3366.83,100
142,09:53:27,3366.81,100
143,09:53:27,3366.83,100
144,09:53:27,3367.57,100
145,09:53:25,3366.97,100
146,09:53:20,3367.0,150
147,09:53:20,3366.89,100
148,09:53:20,3366.9,104
149,09:53:19,3365.595,149
150,09:53:13,3365.31,100
151,09:53:13,3365.32,100
152,09:53:13,3365.58,100
153,09:53:13,3365.31,100
154,09:53:13,3365.32,100
155,09:53:13,3365.31,100
156,09:53:13,3365.41,100
157,09:53:13,3365.295,100
158,09:53:13,3365.2935,100
159,09:53:11,3366.09,200
160,09:53:08,3366.095,115
161,09:53:07,3366.16,100
162,09:53:07,3365.466,100
163,09:53:07,3366.45,100
164,09:53:07,3366.05,270
165,09:53:07,3367.19,100
166,09:53:07,3367.15,100
167,09:53:07,3367.03,100
168,09:53:07,3366.82,100
169,09:53:02,3366.8364,100
170,09:53:00,3367.765,100
171,09:52:58,3367.715,100
172,09:52:58,3367.705,100
173,09:52:56,3369.22,300
174,09:52:52,3368.316,100
175,09:52:51,3368.43,100
176,09:52:50,3368.02,100
177,09:52:50,3368.0,238
178,09:52:42,3368.36,100
179,09:52:37,3369.4,100
180,09:52:37,3369.48,100
181,09:52:37,3369.52,100
182,09:52:37,3369.72,100
183,09:52:36,3369.4,100
184,09:52:36,3369.4,100
185,09:52:36,3369.58,100
186,09:52:36,3369.72,266
187,09:52:34,3369.99,100
188,09:52:34,3370.0,582
189,09:52:34,3370.0,298
190,09:52:34,3370.23,100
191,09:52:34,3369.72,106
192,09:52:29,3369.4,100
193,09:52:28,3369.4,100
194,09:52:19,3370.12,100
195,09:52:15,3370.84,100
196,09:52:15,3370.52,200
197,09:52:14,3369.6,2400
198,09:52:14,3370.05,100
199,09:51:59,3371.11,100
200,09:51:54,3372.0,100
201,09:51:54,3372.875,100
202,09:51:54,3372.61,100
203,09:51:54,3372.61,100
204,09:51:51,3371.475,100
205,09:51:45,3372.755,100
206,09:51:41,3372.79,600
207,09:51:40,3372.38,100
208,09:51:40,3372.4,100
209,09:51:29,3373.19,100
210,09:51:28,3373.35,1000
211,09:51:25,3372.13,100
212,09:51:24,3372.41,100
213,09:51:14,3372.56,100
214,09:51:14,3372.56,100
215,09:51:10,3372.87,100
216,09:51:09,3373.083,200
217,09:51:07,3374.7399,100
218,09:51:02,3373.83,200
219,09:50:58,3371.915,100
220,09:50:57,3372.055,100
221,09:50:56,3372.56,100
222,09:50:53,3372.385,100
223,09:50:47,3373.945,300
224,09:50:46,3373.43,100
225,09:50:46,3373.42,100
226,09:50:45,3374.34,100
227,09:50:44,3374.862,125
228,09:50:43,3375.0,100
229,09:50:42,3375.0,287
230,09:50:42,3375.0,192
231,09:50:36,3374.995,100
232,09:50:33,3375.97,100
233,09:50:32,3375.97,100
234,09:50:32,3374.98,100
235,09:50:31,3374.51,118
236,09:50:22,3374.2,100
237,09:50:22,3374.037,200
238,09:50:10,3374.65,100
239,09:50:07,3375.01,100
240,09:50:07,3375.0,135
241,09:50:07,3375.0,1000
242,09:50:07,3375.0,100
243,09:50:07,3374.99,100
244,09:50:07,3374.586,200
245,09:50:07,3374.44,100
246,09:50:07,3374.48,100
247,09:50:06,3373.8,100
248,09:50:06,3374.0,200
249,09:50:03,3373.215,100
250,09:50:03,3373.85,100
251,09:50:03,3373.97,100
252,09:50:03,3373.97,100
253,09:50:03,3373.75,100
254,09:50:03,3373.8362,100
255,09:50:03,3373.85,100
256,09:50:03,3373.83,100
257,09:49:54,3372.26,700
258,09:49:54,3372.26,100
259,09:49:54,3372.93,100
260,09:49:54,3372.93,100
261,09:49:54,3372.93,100
262,09:49:53,3372.866,329
263,09:49:53,3373.05,554
264,09:49:47,3372.0601,250
265,09:49:38,3370.93,100
266,09:49:35,3370.218,100
267,09:49:31,3370.52,100
268,09:49:29,3370.5001,377
269,09:49:29,3370.5001,296
270,09:49:29,3370.5001,176
271,09:49:16,3371.61,100
272,09:49:16,3371.03,100
273,09:49:15,3371.61,150
274,09:49:11,3372.1999,100
275,09:49:09,3371.99,100
276,09:49:09,3371.99,157
277,09:49:09,3371.99,175
278,09:49:09,3371.99,100
279,09:49:06,3373.0,100
280,09:49:06,3373.0,100
281,09:48:58,3371.98,226
282,09:48:57,3372.4599,300
283,09:48:56,3371.905,100
284,09:48:55,3372.17,250
285,09:48:52,3372.0,100
286,09:48:52,3372.26,100
287,09:48:50,3371.85,100
288,09:48:50,3372.0,327
289,09:48:50,3372.0,236
290,09:48:49,3372.0,133
291,09:48:42,3372.74,100
292,09:48:40,3371.96,230
293,09:48:34,3372.045,100
294,09:48:33,3371.23,100
295,09:48:33,3371.23,100
296,09:48:33,3371.08,100
297,09:48:32,3372.37,100
298,09:48:31,3371.955,100
299,09:48:30,3370.62,300
300,09:48:30,3370.87,100
301,09:48:30,3370.96,100
302,09:48:30,3370.62,100
303,09:48:24,3370.0,112
304,09:48:23,3370.215,100
305,09:48:09,3369.96,100
306,09:48:09,3369.6,100
307,09:48:09,3370.02,100
308,09:48:02,3369.2,100
309,09:48:02,3369.2,100
310,09:48:02,3369.2,100
311,09:48:01,3369.2,100
312,09:48:00,3369.67,240
313,09:48:00,3369.67,100
314,09:47:55,3369.02,151
315,09:47:55,3369.02,109
316,09:47:40,3369.5099,300
317,09:47:36,3368.37,100
318,09:47:31,3368.745,100
319,09:47:26,3369.29,100
320,09:47:24,3369.85,175
321,09:47:12,3370.92,100
322,09:47:12,3370.54,400
323,09:47:11,3369.56,100
324,09:47:11,3369.37,100
325,09:47:06,3370.91,100
326,09:47:06,3370.79,100
327,09:47:06,3370.1,200
328,09:47:06,3369.56,100
329,09:47:04,3369.45,100
330,09:47:02,3368.93,100
331,09:46:55,3367.36,100
332,09:46:54,3368.47,100
333,09:46:52,3368.85,252
334,09:46:48,3368.515,100
335,09:46:48,3368.74,100
336,09:46:48,3367.75,100
337,09:46:46,3367.69,100
338,09:46:43,3367.75,230
339,09:46:40,3367.68,100
340,09:46:40,3367.22,100
341,09:46:38,3366.4352,100
342,09:46:26,3367.035,100
343,09:46:21,3367.76,100
344,09:46:17,3367.74,100
345,09:46:17,3367.4,100
346,09:46:11,3367.4,100
347,09:46:11,3367.74,100
348,09:46:11,3367.24,100
349,09:46:11,3366.98,100
350,09:46:11,3366.2999,100
351,09:46:11,3366.29,100
352,09:46:08,3366.0,100
353,09:46:02,3365.0,200
354,09:45:37,3363.35,100
355,09:45:35,3363.6454,100
356,09:45:31,3363.38,100
357,09:45:24,3364.81,100
358,09:45:24,3364.19,1000
359,09:45:21,3364.8397,200
360,09:45:13,3362.84,100
361,09:45:02,3364.61,249
362,09:44:58,3362.49,200
363,09:44:57,3364.1499,150
364,09:44:55,3362.58,100
365,09:44:45,3363.731,100
366,09:44:43,3363.01,100
367,09:44:43,3363.1,100
368,09:44:42,3363.88,100
369,09:44:42,3364.4792,100
370,09:44:42,3364.09,100
371,09:44:42,3364.08,100
372,09:44:42,3365.24,100
373,09:44:42,3364.685,100
374,09:44:40,3364.202,100
375,09:44:34,3364.79,297
376,09:44:32,3365.37,100
377,09:44:32,3365.41,100
378,09:44:30,3363.7302,483
379,09:44:29,3364.22,100
380,09:44:26,3364.24,100
381,09:44:23,3365.56,100
382,09:44:23,3365.15,200
383,09:44:23,3365.62,384
384,09:44:23,3365.62,112
385,09:44:20,3365.825,100
386,09:44:20,3364.53,100
387,09:44:16,3365.825,100
388,09:44:14,3365.61,100
389,09:44:09,3365.035,136
390,09:44:09,3365.03,100
391,09:44:03,3364.045,100
392,09:43:59,3363.86,100
393,09:43:59,3363.73,637
394,09:43:58,3363.087,100
395,09:43:57,3363.5,100
396,09:43:57,3362.4689,310
397,09:43:57,3363.3678,100
398,09:43:52,3363.62,100
399,09:43:52,3363.42,534
400,09:43:41,3362.18,100
401,09:43:41,3361.89,100
402,09:43:39,3360.9347,300
403,09:43:36,3362.6,100
404,09:43:36,3362.5,100
405,09:43:36,3362.0,220
406,09:43:30,3362.27,100
407,09:43:30,3362.27,100
408,09:43:30,3361.91,200
409,09:43:30,3361.92,100
410,09:43:24,3361.28,144
411,09:43:12,3361.56,100
412,09:43:12,3361.195,196
413,09:43:11,3361.5583,121
414,09:43:11,3360.76,100
415,09:43:06,3359.385,100
416,09:43:05,3360.24,100
417,09:43:02,3360.21,100
418,09:43:01,3359.83,100
419,09:43:01,3358.694,100
420,09:43:01,3358.2,150
421,09:42:41,3359.455,100
422,09:42:41,3359.8,500
423,09:42:38,3360.255,100
424,09:42:34,3360.75,100
425,09:42:31,3359.95,100
426,09:42:18,3360.6737,100
427,09:42:17,3360.77,100
428,09:42:17,3360.666,100
429,09:42:17,3360.666,100
430,09:42:16,3360.0,100
431,09:42:16,3360.0,100
432,09:42:16,3360.03,100
433,09:42:16,3360.0,100
434,09:42:15,3359.8789,100
435,09:42:06,3359.56,100
436,09:42:05,3359.55,257
437,09:42:03,3358.54,100
438,09:42:02,3358.95,100
439,09:42:02,3358.0,900
440,09:42:02,3357.56,100
441,09:42:02,3357.56,100
442,09:42:02,3357.83,100
443,09:42:02,3358.0,100
444,09:42:02,3358.0,100
445,09:42:00,3357.0,100
446,09:41:54,3357.235,100
447,09:41:49,3356.0,238
448,09:41:49,3356.0,269
449,09:41:49,3356.0,205
450,09:41:45,3356.04,200
451,09:41:45,3356.0,100
452,09:41:33,3355.8618,750
453,09:41:28,3355.9,100
454,09:41:28,3355.0001,500
455,09:41:25,3356.0,150
456,09:41:22,3357.19,100
457,09:41:21,3356.77,100
458,09:41:17,3356.2906,100
459,09:41:15,3356.61,200
460,09:41:13,3356.77,100
461,09:41:12,3356.77,100
462,09:41:10,3355.5401,100
463,09:41:01,3355.53,150
464,09:40:59,3357.5076,200
465,09:40:55,3357.005,100
466,09:40:52,3357.1959,100
467,09:40:39,3356.765,100
468,09:40:38,3356.765,100
469,09:40:38,3356.41,100
470,09:40:38,3356.41,100
471,09:40:38,3356.41,100
472,09:40:38,3355.53,1000
473,09:40:37,3356.415,100
474,09:40:37,3356.01,100
475,09:40:37,3356.01,100
476,09:40:35,3355.505,100
477,09:40:35,3355.0,100
478,09:40:32,3355.0,100
479,09:40:31,3355.33,100
480,09:40:30,3355.33,100
481,09:40:28,3355.18,100
482,09:40:28,3355.8452,150
483,09:40:27,3355.51,100
484,09:40:26,3355.0,100
485,09:40:26,3355.515,100
486,09:40:26,3355.25,100
487,09:40:23,3356.0,100
488,09:40:23,3356.935,100
489,09:40:23,3356.935,100
490,09:40:22,3356.03,100
491,09:40:22,3356.935,100
492,09:40:22,3356.935,100
493,09:40:21,3356.03,100
494,09:40:21,3356.935,100
495,09:40:21,3357.0,100
496,09:40:19,3357.6,100
497,09:40:14,3357.28,100
498,09:40:14,3356.64,100
499,09:40:13,3357.3418,100
500,09:40:12,3357.24,100
501,09:40:12,3356.64,100
502,09:40:12,3357.465,200
503,09:40:12,3357.465,100
504,09:40:12,3357.465,100
505,09:40:12,3357.25,131
506,09:40:12,3357.25,200
507,09:40:12,3357.25,100
508,09:40:12,3357.25,300
509,09:40:11,3356.64,100
510,09:40:10,3357.155,100
511,09:40:09,3356.99,100
512,09:40:07,3357.205,100
513,09:40:06,3356.575,100
514,09:40:05,3356.52,100
515,09:40:05,3357.205,100
516,09:40:04,3356.48,100
517,09:40:02,3356.995,100
518,09:40:02,3356.05,100
519,09:40:00,3357.01,100
520,09:40:00,3357.01,100
521,09:39:47,3356.821,250
522,09:39:44,3356.8954,100
523,09:39:38,3357.55,100
524,09:39:36,3356.3176,140
525,09:39:35,3357.15,200
526,09:39:35,3357.22,100
527,09:39:34,3356.21,100
528,09:39:33,3355.6,100
529,09:39:33,3356.02,100
530,09:39:33,3355.5,100
531,09:39:33,3355.97,100
532,09:39:33,3356.0,100
533,09:39:32,3355.55,100
534,09:39:32,3355.52,100
535,09:39:32,3355.25,100
536,09:39:32,3355.52,100
537,09:39:32,3355.52,100
538,09:39:32,3355.0,100
539,09:39:32,3355.14,100
540,09:39:32,3355.52,100
541,09:39:28,3354.52,100
542,09:39:20,3355.48,100
543,09:39:20,3354.895,1400
544,09:39:15,3355.17,107
545,09:39:13,3355.44,100
546,09:39:12,3355.3384,100
547,09:39:11,3354.4,100
548,09:39:09,3355.315,100
549,09:39:09,3355.315,100
550,09:39:03,3355.61,100
551,09:38:56,3355.535,100
552,09:38:54,3355.095,100
553,09:38:54,3355.0,220
554,09:38:52,3354.0,100
555,09:38:49,3353.405,100
556,09:38:46,3353.9899,400
557,09:38:42,3352.995,100
558,09:38:37,3354.0,250
559,09:38:37,3354.02,100
560,09:38:36,3354.02,100
561,09:38:32,3353.54,100
562,09:38:30,3352.5901,500
563,09:38:25,3353.51,100
564,09:38:20,3351.89,100
565,09:38:17,3351.12,100
566,09:38:15,3351.41,200
567,09:38:11,3352.7999,100
568,09:38:10,3351.8273,1000
569,09:38:09,3352.739,100
570,09:38:07,3351.745,100
571,09:38:01,3353.14,100
572,09:38:00,3351.95,100
573,09:38:00,3351.99,100
574,09:38:00,3352.0,100
575,09:38:00,3351.98,100
576,09:38:00,3352.0,100
577,09:37:59,3351.995,100
578,09:37:59,3351.99,100
579,09:37:59,3351.0,200
580,09:37:58,3350.0,100
581,09:37:58,3350.0,105
582,09:37:57,3350.0,100
583,09:37:52,3350.0,100
584,09:37:52,3350.0,100
585,09:37:51,3349.3142,140
586,09:37:51,3350.0,100
587,09:37:50,3350.0,100
588,09:37:50,3350.0,270
589,09:37:49,3349.84,100
590,09:37:48,3350.0,100
591,09:37:47,3350.0,100
592,09:37:47,3350.0,544
593,09:37:46,3349.905,100
594,09:37:45,3348.98,100
595,09:37:38,3348.765,100
596,09:37:37,3348.5,144
597,09:37:37,3348.91,100
598,09:37:37,3348.75,100
599,09:37:37,3348.0,100
600,09:37:35,3347.6279,1000
601,09:37:24,3346.25,100
602,09:37:23,3347.1277,250
603,09:37:18,3345.95,100
604,09:37:11,3344.095,304
605,09:37:07,3344.678,500
606,09:37:05,3343.91,500
607,09:37:02,3344.46,100
608,09:36:52,3344.105,100
609,09:36:43,3343.8935,600
610,09:36:35,3344.125,200
611,09:36:35,3343.4,100
612,09:36:28,3342.54,100
613,09:36:26,3342.64,100
614,09:36:26,3342.78,100
615,09:36:26,3342.85,100
616,09:36:23,3342.775,100
617,09:36:22,3342.0,204
618,09:36:17,3341.26,1000
619,09:36:15,3342.76,100
620,09:36:11,3343.865,100
621,09:36:02,3342.545,100
622,09:36:00,3343.9899,100
623,09:36:00,3342.3833,600
624,09:35:58,3343.2909,1000
625,09:35:56,3342.52,100
626,09:35:54,3341.59,100
627,09:35:53,3341.6234,100
628,09:35:52,3341.49,100
629,09:35:52,3341.33,100
630,09:35:52,3341.32,100
631,09:35:50,3341.09,100
632,09:35:50,3340.09,200
633,09:35:44,3341.04,448
634,09:35:40,3340.6259,856
635,09:35:31,3340.44,100
636,09:35:18,3340.85,100
637,09:35:18,3340.64,100
638,09:35:18,3340.6921,200
639,09:35:08,3341.0,100
640,09:35:08,3340.0,226
641,09:35:08,3339.97,107
642,09:34:52,3339.0,600
643,09:34:52,3341.0,100
644,09:34:52,3341.0027,150
645,09:34:52,3341.01,100
646,09:34:52,3341.21,100
647,09:34:52,3341.32,100
648,09:34:35,3340.23,375
649,09:34:29,3339.24,100
650,09:34:29,3339.49,200
651,09:34:25,3340.76,100
652,09:34:25,3340.59,100
653,09:34:16,3339.925,100
654,09:34:04,3339.955,100
655,09:34:03,3340.0,200
656,09:34:03,3340.02,100
657,09:34:03,3341.0485,500
658,09:33:54,3341.78,100
659,09:33:51,3341.83,100
660,09:33:39,3341.485,100
661,09:33:38,3341.485,100
662,09:33:37,3342.4,100
663,09:33:37,3342.29,100
664,09:33:36,3343.14,100
665,09:33:33,3342.255,100
666,09:33:32,3342.87,128
667,09:33:32,3342.55,100
668,09:33:29,3342.321,100
669,09:33:27,3342.175,100
670,09:33:24,3342.145,100
671,09:33:24,3342.37,100
672,09:33:24,3342.145,100
673,09:33:23,3342.47,100
674,09:33:23,3342.36,100
675,09:33:19,3342.0332,200
676,09:33:15,3339.0,240
677,09:33:09,3344.9162,100
678,09:33:09,3342.83,100
679,09:33:09,3344.915,100
680,09:33:09,3339.5,100
681,09:33:09,3340.285,100
682,09:33:09,3340.99,100
683,09:33:09,3341.15,100
684,09:33:09,3341.17,100
685,09:33:09,3341.7,100
686,09:33:09,3342.03,100
687,09:33:06,3338.9677,140
688,09:33:01,3341.585,250
689,09:32:58,3341.0875,200
690,09:32:57,3341.14,111
691,09:32:54,3341.11,100
692,09:32:54,3340.73,100
693,09:32:53,3341.12,100
694,09:32:53,3339.61,100
695,09:32:50,3341.08,100
696,09:32:46,3343.17,100
697,09:32:46,3340.0,100
698,09:32:46,3339.93,100
699,09:32:29,3338.89,100
700,09:32:29,3338.88,100
701,09:32:29,3340.58,100
702,09:32:29,3338.85,100
703,09:32:29,3338.8,100
704,09:32:26,3338.89,100
705,09:32:26,3338.2,100
706,09:32:26,3337.85,100
707,09:32:26,3337.275,100
708,09:32:24,3336.77,100
709,09:32:24,3336.87,100
710,09:32:22,3337.48,100
711,09:32:14,3335.5,100
712,09:32:13,3336.0,300
713,09:32:13,3336.0,100
714,09:32:07,3337.465,100
715,09:32:05,3337.545,100
716,09:31:59,3337.93,100
717,09:31:59,3337.3,100
718,09:31:55,3342.96,400
719,09:31:55,3339.88,100
720,09:31:55,3339.245,100
721,09:31:55,3339.245,100
722,09:31:55,3339.245,100
723,09:31:55,3337.8,100
724,09:31:54,3336.24,100
725,09:31:54,3336.22,100
726,09:31:54,3337.1,100
727,09:31:53,3337.985,100
728,09:31:53,3337.0,100
729,09:31:53,3337.005,100
730,09:31:53,3337.0,100
731,09:31:48,3336.04,150
732,09:31:47,3339.0599,300
733,09:31:41,3335.69,100
734,09:31:41,3339.12,100
735,09:31:40,3340.045,1000
736,09:31:39,3339.25,100
737,09:31:36,3339.5,100
738,09:31:36,3335.67,100
739,09:31:33,3335.53,100
740,09:31:33,3337.53,100
741,09:31:32,3337.5,100
742,09:31:32,3338.4,100
743,09:31:32,3338.26,100
744,09:31:32,3335.5,100
745,09:31:28,3341.0,119
746,09:31:28,3341.0,100
747,09:31:28,3340.05,200
748,09:31:25,3342.48,100
749,09:31:15,3341.73,100
750,09:31:12,3341.65,100
751,09:31:12,3343.255,100
752,09:31:09,3341.76,100
753,09:31:08,3342.4205,2000
754,09:31:07,3341.795,100
755,09:31:07,3341.9,100
756,09:31:07,3341.905,100
757,09:31:07,3341.42,100
758,09:31:07,3341.94,100
759,09:31:07,3341.8,100
760,09:31:07,3341.8,100
761,09:31:02,3343.48,100
762,09:31:02,3343.86,100
763,09:31:02,3343.91,100
764,09:31:02,3343.91,100
765,09:31:02,3343.175,100
766,09:31:00,3342.45,100
767,09:30:51,3344.72,100
768,09:30:51,3345.1,100
769,09:30:51,3345.22,100
770,09:30:51,3343.86,100
771,09:30:51,3343.86,100
772,09:30:50,3343.99,100
773,09:30:41,3344.087,100
774,09:30:30,3343.54,100
775,09:30:29,3345.9999,200
776,09:30:27,3345.5851,2000
777,09:30:25,3344.29,100
778,09:30:24,3344.46,100
779,09:30:17,3344.5,300
780,09:30:13,3344.07,100
781,09:30:13,3344.12,100
782,09:30:10,3345.0,552
783,09:30:08,3346.03,100
784,09:30:07,3346.1,100
785,09:30:03,3346.5,100
786,09:30:03,3346.49,100
787,09:30:02,3346.49,6
788,09:30:02,3346.49,2
789,09:30:02,3346.49,1
790,09:30:02,3346.49,1
791,09:30:02,3346.49,1
792,09:30:02,3346.49,5
793,09:30:02,3346.49,9
794,09:30:02,3346.49,2
795,09:30:02,3346.49,2
796,09:30:02,3346.49,5
797,09:30:02,3346.49,1
798,09:30:02,3346.49,5
799,09:30:02,3346.49,3
800,09:30:02,3346.49,50
801,09:30:02,3346.49,10
802,09:30:02,3346.49,1
803,09:30:02,3346.49,2
804,09:30:02,3346.49,2
805,09:30:02,3346.49,1
806,09:30:02,3346.49,1
807,09:30:02,3346.49,1
808,09:30:02,3346.49,1
809,09:30:02,3346.49,1
810,09:30:02,3346.49,2
811,09:30:02,3346.49,1
812,09:30:02,3346.49,50
813,09:30:02,3346.49,3
814,09:30:02,3346.49,1
815,09:30:02,3346.49,5
816,09:30:02,3346.49,1
817,09:30:02,3346.49,1
818,09:30:02,3346.49,1
819,09:30:02,3346.49,1
820,09:30:02,3346.49,5
821,09:30:02,3346.49,1
822,09:30:02,3346.49,1
823,09:30:02,3346.49,2
824,09:30:02,3346.49,1
825,09:30:02,3346.49,10
826,09:30:02,3346.49,2
827,09:30:02,3346.49,7
828,09:30:02,3346.49,5
829,09:30:02,3346.49,5
830,09:30:02,3346.49,1
831,09:30:02,3346.49,2
832,09:30:02,3346.49,1
833,09:30:02,3346.49,1
834,09:30:02,3346.49,1
835,09:30:02,3346.49,1
836,09:30:02,3346.49,2
837,09:30:02,3346.49,1
838,09:30:02,3346.49,1
839,09:30:02,3346.49,1
840,09:30:02,3346.49,1
841,09:30:02,3346.49,5
842,09:30:02,3346.49,1
843,09:30:02,3346.49,100
844,09:30:02,3346.49,1
845,09:30:02,3346.49,1
846,09:30:02,3346.49,110
847,09:30:02,3346.49,1
848,09:30:02,3346.49,2
849,09:30:02,3346.49,1
850,09:30:02,3346.49,4
851,09:30:02,3346.49,1
852,09:30:02,3346.49,100
853,09:30:02,3346.49,1
854,09:30:02,3346.49,1
855,09:30:02,3346.49,1
856,09:30:02,3346.49,1
857,09:30:02,3346.49,7
858,09:30:02,3346.49,1
859,09:30:02,3346.49,6
860,09:30:02,3346.49,5
861,09:30:02,3346.49,3
862,09:30:02,3346.49,1
863,09:30:02,3346.49,1
864,09:30:02,3346.49,1
865,09:30:02,3346.49,1
866,09:30:02,3346.49,20
867,09:30:02,3346.49,1
868,09:30:02,3346.49,3
869,09:30:02,3346.49,4
870,09:30:02,3346.49,3
871,09:30:02,3346.49,1
872,09:30:02,3346.49,16
873,09:30:02,3346.49,10
874,09:30:02,3346.49,1
875,09:30:02,3346.49,11
876,09:30:02,3346.49,3
877,09:30:02,3346.49,4
878,09:30:02,3346.49,1
879,09:30:02,3346.49,5
880,09:30:02,3346.49,3
881,09:30:02,3346.49,3
882,09:30:02,3346.49,10
883,09:30:02,3346.49,2
884,09:30:02,3346.49,4
885,09:30:02,3346.49,1
886,09:30:02,3346.49,1
887,09:30:02,3346.49,3
888,09:30:02,3346.49,1
889,09:30:02,3346.49,1
890,09:30:02,3346.49,1
891,09:30:02,3346.49,2
892,09:30:02,3346.49,5
893,09:30:02,3346.49,2
894,09:30:02,3346.49,1
895,09:30:02,3346.49,1
896,09:30:02,3346.49,1
897,09:30:02,3346.49,1
898,09:30:02,3346.49,8
899,09:30:02,3346.49,1
900,09:30:02,3346.49,1
901,09:30:02,3346.49,1
902,09:30:02,3346.49,5
903,09:30:02,3346.49,10
904,09:30:02,3346.49,8
905,09:30:02,3346.49,5
906,09:30:02,3346.49,3
907,09:30:02,3346.49,2
908,09:30:02,3346.49,1
909,09:30:02,3346.49,1
910,09:30:02,3346.49,1
911,09:30:02,3346.49,50
912,09:30:02,3346.49,7
913,09:30:02,3346.49,2
914,09:30:02,3346.49,5
915,09:30:02,3346.49,5
916,09:30:02,3346.49,2
917,09:30:02,3346.49,2
918,09:30:02,3346.49,2
919,09:30:02,3346.49,1
920,09:30:02,3346.49,3
921,09:30:02,3346.49,4
922,09:30:02,3346.49,3
923,09:30:02,3346.49,2
924,09:30:02,3346.49,2
925,09:30:02,3346.49,1
926,09:30:02,3346.49,1
927,09:30:02,3346.49,1
928,09:30:02,3346.49,1
929,09:30:02,3346.49,1
930,09:30:02,3346.49,8
931,09:30:02,3346.49,1
932,09:30:02,3346.49,1
933,09:30:02,3346.49,3
934,09:30:02,3346.49,11
935,09:30:02,3346.49,14
936,09:30:02,3346.49,1
937,09:30:02,3346.49,22
938,09:30:02,3346.49,1
939,09:30:02,3346.49,2
940,09:30:02,3346.49,1
941,09:30:02,3346.49,1
942,09:30:02,3346.49,1
943,09:30:02,3346.49,3
944,09:30:02,3346.49,2
945,09:30:02,3346.49,6
946,09:30:02,3346.49,7
947,09:30:02,3346.49,4
948,09:30:02,3346.49,1
949,09:30:02,3346.49,1
950,09:30:02,3346.49,2
951,09:30:02,3346.49,1
952,09:30:02,3346.49,6
953,09:30:02,3346.49,16
954,09:30:02,3346.49,31
955,09:30:02,3346.49,2
956,09:30:02,3346.49,2
957,09:30:02,3346.49,3
958,09:30:02,3346.49,1
959,09:30:02,3346.49,2
960,09:30:02,3346.49,4
961,09:30:02,3346.49,1
962,09:30:02,3346.49,1
963,09:30:02,3346.49,6
964,09:30:02,3346.49,3
965,09:30:02,3346.49,7
966,09:30:02,3346.49,100
967,09:30:02,3346.49,4
968,09:30:02,3346.49,10
969,09:30:02,3346.49,2
970,09:30:02,3346.49,4
971,09:30:02,3346.49,3
972,09:30:02,3346.49,1
973,09:30:02,3346.49,5
974,09:30:02,3346.49,2
975,09:30:02,3346.49,1
976,09:30:02,3346.49,1
977,09:30:02,3346.49,5
978,09:30:02,3346.49,10
979,09:30:02,3346.49,3
980,09:30:02,3346.49,70
981,09:30:02,3346.49,1
982,09:30:02,3346.49,3
983,09:30:02,3346.49,2
984,09:30:02,3346.49,1
985,09:30:02,3346.49,6
986,09:30:02,3346.49,1
987,09:30:02,3346.49,1
988,09:30:02,3346.49,10
989,09:30:02,3346.49,1
990,09:30:02,3346.49,10
991,09:30:02,3346.49,3
992,09:30:02,3346.49,10
993,09:30:02,3346.49,1
994,09:30:02,3346.49,3
995,09:30:02,3346.49,2
996,09:30:02,3346.49,4
997,09:30:02,3346.49,2
998,09:30:02,3346.49,21
999,09:30:02,3346.49,3
1000,09:30:02,3346.49,5
1001,09:30:02,3346.49,1
1002,09:30:02,3346.49,6
1003,09:30:02,3346.49,100
1004,09:30:02,3346.49,9
1005,09:30:02,3346.49,1
1006,09:30:02,3346.49,8
1007,09:30:02,3346.49,1
1008,09:30:02,3346.49,3
1009,09:30:02,3346.49,5
1010,09:30:02,3346.49,2
1011,09:30:02,3346.49,1
1012,09:30:02,3346.49,3
1013,09:30:02,3346.49,2
1014,09:30:02,3346.49,5
1015,09:30:02,3346.49,5
1016,09:30:02,3346.49,1
1017,09:30:02,3346.49,1
1018,09:30:02,3346.49,197
1019,09:30:02,3346.49,3
1020,09:30:02,3346.49,19
1021,09:30:02,3346.49,3
1022,09:30:02,3346.49,1
1023,09:30:02,3346.49,4
1024,09:30:02,3346.49,1
1025,09:30:02,3346.49,1
1026,09:30:02,3346.49,1
1027,09:30:02,3346.49,1
1028,09:30:02,3346.49,5
1029,09:30:02,3346.49,7
1030,09:30:02,3346.49,2
1031,09:30:02,3346.49,1
1032,09:30:02,3346.49,3
1033,09:30:02,3346.49,10
1034,09:30:02,3346.49,2
1035,09:30:02,3346.49,3
1036,09:30:02,3346.49,1
1037,09:30:02,3346.49,3
1038,09:30:02,3346.49,1
1039,09:30:02,3346.49,1
1040,09:30:02,3346.49,10
1041,09:30:02,3346.49,1
1042,09:30:02,3346.49,1
1043,09:30:02,3346.49,1
1044,09:30:02,3346.49,5
1045,09:30:02,3346.49,1
1046,09:30:02,3346.49,1
1047,09:30:02,3346.49,4
1048,09:30:02,3346.49,5
1049,09:30:02,3346.49,10
1050,09:30:02,3346.49,3
1051,09:30:02,3346.49,2
1052,09:30:02,3346.49,1
1053,09:30:02,3346.49,5
1054,09:30:02,3346.49,5
1055,09:30:02,3346.49,1
1056,09:30:02,3346.49,2
1057,09:30:02,3346.49,1
1058,09:30:02,3346.49,1
1059,09:30:02,3346.49,2
1060,09:30:02,3346.49,1
1061,09:30:02,3346.49,5
1062,09:30:02,3346.49,1
1063,09:30:02,3346.49,3
1064,09:30:02,3346.49,1
1065,09:30:02,3346.49,1
1066,09:30:02,3346.49,1
1067,09:30:02,3346.49,1
1068,09:30:02,3346.49,1
1069,09:30:02,3346.49,20
1070,09:30:02,3346.49,2
1071,09:30:02,3346.49,1
1072,09:30:02,3346.49,18
1073,09:30:02,3346.49,1
1074,09:30:02,3346.49,8
1075,09:30:02,3346.49,1
1076,09:30:02,3346.49,10
1077,09:30:02,3346.49,1
1078,09:30:02,3346.49,35
1079,09:30:02,3346.49,1
1080,09:30:02,3346.49,1
1081,09:30:02,3346.49,5
1082,09:30:02,3346.49,1
1083,09:30:02,3346.49,4
1084,09:30:02,3346.49,1
1085,09:30:02,3346.49,1
1086,09:30:02,3346.49,1
1087,09:30:02,3346.49,1
1088,09:30:02,3346.49,1
1089,09:30:02,3346.49,1
1090,09:30:02,3346.49,2
1091,09:30:02,3346.49,3
1092,09:30:02,3346.49,1
1093,09:30:02,3346.49,6
1094,09:30:02,3346.49,20
1095,09:30:02,3346.49,10
1096,09:30:02,3346.49,1
1097,09:30:02,3346.49,1
1098,09:30:02,3346.49,3
1099,09:30:02,3346.49,1
1100,09:30:02,3346.49,1
1101,09:30:02,3346.49,2
1102,09:30:02,3346.49,6
1103,09:30:02,3346.49,1
1104,09:30:02,3346.49,3
1105,09:30:02,3346.49,1
1106,09:30:02,3346.49,1
1107,09:30:02,3346.49,1
1108,09:30:02,3346.49,1
1109,09:30:02,3346.49,1
1110,09:30:02,3346.49,1
1111,09:30:02,3346.49,4
1112,09:30:02,3346.49,3
1113,09:30:02,3346.49,25
1114,09:30:02,3346.49,5
1115,09:30:02,3346.49,2
1116,09:30:02,3346.49,2
1117,09:30:02,3346.49,1
1118,09:30:02,3346.49,1
1119,09:30:02,3346.49,1
1120,09:30:02,3346.49,8
1121,09:30:02,3346.49,10
1122,09:30:02,3346.49,4
1123,09:30:02,3346.49,3
1124,09:30:02,3346.49,2
1125,09:30:02,3346.49,4
1126,09:30:02,3346.49,2
1127,09:30:02,3346.49,13
1128,09:30:02,3346.49,3
1129,09:30:02,3346.49,2
1130,09:30:02,3346.49,9
1131,09:30:02,3346.49,1
1132,09:30:02,3346.49,3
1133,09:30:02,3346.49,1
1134,09:30:02,3346.49,7
1135,09:30:02,3346.49,5
1136,09:30:02,3346.49,6
1137,09:30:02,3346.49,7
1138,09:30:02,3346.49,2
1139,09:30:02,3346.49,10
1140,09:30:02,3346.49,10
1141,09:30:02,3346.49,200
1142,09:30:02,3346.49,50
1143,09:30:02,3346.49,7
1144,09:30:02,3346.49,16
1145,09:30:02,3346.49,8
1146,09:30:02,3346.49,1
1147,09:30:02,3346.49,7
1148,09:30:02,3346.49,9
1149,09:30:02,3346.49,1
1150,09:30:02,3346.49,7
1151,09:30:02,3346.49,8
1152,09:30:02,3346.49,10
1153,09:30:02,3346.49,50
1154,09:30:02,3346.49,29
1155,09:30:02,3346.49,9
1156,09:30:02,3346.49,35
1157,09:30:02,3346.49,90
1158,09:30:02,3346.49,9
1159,09:30:02,3346.49,2
1160,09:30:02,3346.49,10
1161,09:30:02,3346.49,8
1162,09:30:02,3346.49,3
1163,09:30:02,3346.49,1
1164,09:30:02,3346.49,4
1165,09:30:02,3346.49,29
1166,09:30:02,3346.49,1
1167,09:30:02,3346.49,2000
1168,09:30:02,3346.49,18
1169,09:30:02,3346.49,7
1170,09:30:02,3346.49,37
1171,09:30:02,3346.49,23
1172,09:30:02,3346.49,1
1173,09:30:02,3346.49,23
1174,09:30:02,3346.49,1
1175,09:30:02,3346.49,24
1176,09:30:02,3346.49,39
1177,09:30:02,3346.49,1
1178,09:30:02,3346.49,14
1179,09:30:02,3346.49,1
1180,09:30:02,3346.49,3
1181,09:30:02,3346.49,1
1182,09:30:02,3346.49,3
1183,09:30:02,3346.49,1
1184,09:30:02,3346.49,1
1185,09:30:02,3346.49,1
1186,09:30:02,3346.49,1
1187,09:30:02,3346.49,1
1188,09:30:02,3346.49,2
1189,09:30:02,3346.49,1
1190,09:30:02,3346.49,1
1191,09:30:02,3346.49,3
1192,09:30:02,3346.49,2
1193,09:30:02,3346.49,3
1194,09:30:02,3346.49,5
1195,09:30:02,3346.49,10
1196,09:30:02,3346.49,1
1197,09:30:02,3346.49,5
1198,09:30:02,3346.49,3
1199,09:30:02,3346.49,9
1200,09:30:02,3346.49,5
1201,09:30:02,3346.49,8
1202,09:30:02,3346.49,11
1203,09:30:02,3346.49,2
1204,09:30:02,3346.49,8
1205,09:30:02,3346.49,1
1206,09:30:02,3346.49,3
1207,09:30:02,3346.49,2
1208,09:30:02,3346.49,1
1209,09:30:02,3346.49,1
1210,09:30:02,3346.49,4
1211,09:30:02,3346.49,1
1212,09:30:02,3346.49,43
1213,09:30:02,3346.49,1
1214,09:30:02,3346.49,4
1215,09:30:02,3346.49,7
1216,09:30:02,3346.49,4
1217,09:30:02,3346.49,2
1218,09:30:02,3346.49,2
1219,09:30:02,3346.49,4
1220,09:30:02,3346.49,3
1221,09:30:02,3346.49,2
1222,09:30:02,3346.49,1
1223,09:30:02,3346.49,1
1224,09:30:02,3346.49,3
1225,09:30:02,3346.49,5
1226,09:30:02,3346.49,13
1227,09:30:02,3346.49,4
1228,09:30:02,3346.49,1
1229,09:30:02,3346.49,1
1230,09:30:02,3346.49,1
1231,09:30:02,3346.49,1
1232,09:30:02,3346.49,20
1233,09:30:02,3346.49,121
1234,09:30:02,3346.49,1
1235,09:30:02,3346.49,15
1236,09:30:02,3346.49,1
1237,09:30:02,3346.49,1
1238,09:30:02,3346.49,1
1239,09:30:02,3346.49,1
1240,09:30:02,3346.49,6
1241,09:30:02,3346.49,3
1242,09:30:02,3346.49,20
1243,09:30:02,3346.49,1
1244,09:30:02,3346.49,1
1245,09:30:02,3346.49,1
1246,09:30:02,3346.49,1
1247,09:30:02,3346.49,1
1248,09:30:02,3346.49,6
1249,09:30:02,3346.49,1
1250,09:30:02,3346.49,7
1251,09:30:02,3346.49,29
1252,09:30:02,3346.49,2
1253,09:30:02,3346.49,2
1254,09:30:02,3346.49,2
1255,09:30:02,3346.49,1
1256,09:30:02,3346.49,2
1257,09:30:02,3346.49,1
1258,09:30:02,3346.49,1
1259,09:30:02,3346.49,10
1260,09:30:02,3346.49,1
1261,09:30:02,3346.49,3
1262,09:30:02,3346.49,1
1263,09:30:02,3346.49,1
1264,09:30:02,3346.49,2
1265,09:30:02,3346.49,7
1266,09:30:02,3346.49,100
1267,09:30:02,3346.49,200
1268,09:30:02,3346.49,110
1269,09:30:02,3346.49,4
1270,09:30:02,3346.49,4
1271,09:30:02,3346.49,1
1272,09:30:02,3346.49,1
1273,09:30:02,3346.49,1
1274,09:30:02,3346.49,3
1275,09:30:02,3346.49,10
1276,09:30:02,3346.49,1
1277,09:30:02,3346.49,2
1278,09:30:02,3346.49,55
1279,09:30:02,3346.49,50
1280,09:30:02,3346.49,1
1281,09:30:02,3346.49,2
1282,09:30:02,3346.49,1
1283,09:30:02,3346.49,2
1284,09:30:02,3346.49,301
1285,09:30:02,3346.49,1
1286,09:30:02,3346.49,2
1287,09:30:02,3346.49,2
1288,09:30:02,3346.49,109
1289,09:30:02,3346.49,2
1290,09:30:02,3346.49,17
1291,09:30:02,3346.49,1
1292,09:30:02,3346.49,12
1293,09:30:02,3346.49,21
1294,09:30:02,3346.49,18
1295,09:30:02,3346.49,1
1296,09:30:02,3346.49,1
1297,09:30:02,3346.49,1
1298,09:30:02,3346.49,1
1299,09:30:02,3346.49,5
1300,09:30:02,3346.49,1
1301,09:30:02,3346.49,17
1302,09:30:02,3346.49,1
1303,09:30:02,3346.49,5
1304,09:30:02,3346.49,2
1305,09:30:02,3346.49,2
1306,09:30:02,3346.49,35
1307,09:30:02,3346.49,5
1308,09:30:02,3346.49,2
1309,09:30:02,3346.49,35
1310,09:30:02,3346.49,45
1311,09:30:02,3346.49,55
1312,09:30:02,3346.49,35
1313,09:30:02,3346.49,46
1314,09:30:02,3346.49,1
1315,09:30:02,3346.49,20
1316,09:30:02,3346.49,172
1317,09:30:02,3346.49,3
1318,09:30:02,3346.49,27
1319,09:30:02,3346.49,3
1320,09:30:02,3346.49,1
1321,09:30:02,3346.49,3
1322,09:30:02,3346.49,12
1323,09:30:02,3346.49,2
1324,09:30:02,3346.49,2
1325,09:30:02,3346.49,45
1326,09:30:02,3346.49,28
1327,09:30:02,3346.49,129
1328,09:30:02,3346.49,2
1329,09:30:02,3346.49,5
1330,09:30:02,3346.49,2
1331,09:30:02,3346.49,2
1332,09:30:02,3346.49,1
1333,09:30:02,3346.49,1
1334,09:30:02,3346.49,1
1335,09:30:02,3346.49,5
1336,09:30:02,3346.49,1
1337,09:30:02,3346.49,6
1338,09:30:02,3346.49,1
1339,09:30:02,3346.49,3
1340,09:30:02,3346.49,7
1341,09:30:02,3346.49,10
1342,09:30:02,3346.49,12
1343,09:30:02,3346.49,2
1344,09:30:02,3346.49,3
1345,09:30:02,3346.49,2
1346,09:30:02,3346.49,8
1347,09:30:02,3346.49,7
1348,09:30:02,3346.49,2
1349,09:30:02,3346.49,124
1350,09:30:02,3346.49,735
1351,09:30:02,3346.49,20
1352,09:30:02,3346.49,1
1353,09:30:02,3346.49,15
1354,09:30:02,3346.49,3
1355,09:30:02,3346.49,2
1356,09:30:02,3346.49,60
1357,09:30:02,3346.49,23
1358,09:30:02,3346.49,3
1359,09:30:02,3346.49,2
1360,09:30:02,3346.49,2
1361,09:30:02,3346.49,1
1362,09:30:02,3346.49,8
1363,09:30:02,3346.49,16
1364,09:30:02,3346.49,2
1365,09:30:02,3346.49,2
1366,09:30:02,3346.49,11
1367,09:30:02,3346.49,1
1368,09:30:02,3346.49,3
1369,09:30:02,3346.49,1
1370,09:30:02,3346.49,1
1371,09:30:02,3346.49,3
1372,09:30:02,3346.49,2
1373,09:30:02,3346.49,10
1374,09:30:02,3346.49,3
1375,09:30:02,3346.49,15
1376,09:30:02,3346.49,3
1377,09:30:02,3346.49,3
1378,09:30:02,3346.49,4
1379,09:30:02,3346.49,29
1380,09:30:02,3346.49,2
1381,09:30:02,3346.49,4
1382,09:30:02,3346.49,19
1383,09:30:02,3346.49,1
1384,09:30:02,3346.49,4
1385,09:30:02,3346.49,2
1386,09:30:02,3346.49,2
1387,09:30:02,3346.49,2
1388,09:30:02,3346.49,5
1389,09:30:02,3346.49,3
1390,09:30:02,3346.49,5
1391,09:30:02,3346.49,1
1392,09:30:02,3346.49,4
1393,09:30:02,3346.49,2
1394,09:30:02,3346.49,1
1395,09:30:02,3346.49,1
1396,09:30:02,3346.49,65
1397,09:30:02,3346.49,4
1398,09:30:02,3346.49,2
1399,09:30:02,3346.49,1
1400,09:30:02,3346.49,1
1401,09:30:02,3346.49,1
1402,09:30:02,3346.49,1
1403,09:30:02,3346.49,125
1404,09:30:02,3346.49,10
1405,09:30:02,3346.49,3
1406,09:30:02,3346.49,2
1407,09:30:02,3346.49,1
1408,09:30:02,3346.49,5
1409,09:30:02,3346.49,2
1410,09:30:02,3346.49,50
1411,09:30:02,3346.49,154
1412,09:30:02,3346.49,5
1413,09:30:02,3346.49,10
1414,09:30:02,3346.49,20
1415,09:30:02,3346.49,1
1416,09:30:02,3346.49,5
1417,09:30:02,3346.49,5
1418,09:30:02,3346.49,4
1419,09:30:02,3346.49,3
1420,09:30:02,3346.49,1
1421,09:30:02,3346.49,1
1422,09:30:02,3346.49,10
1423,09:30:02,3346.49,16
1424,09:30:02,3346.49,2
1425,09:30:02,3346.49,1
1426,09:30:02,3346.49,1
1427,09:30:02,3346.49,146
1428,09:30:02,3346.49,1
1429,09:30:02,3346.49,2
1430,09:30:02,3346.49,3
1431,09:30:02,3346.49,10
1432,09:30:02,3346.49,5
1433,09:30:02,3346.49,10
1434,09:30:02,3346.49,1
1435,09:30:02,3346.49,1
1436,09:30:02,3346.49,5
1437,09:30:02,3346.49,8
1438,09:30:02,3346.49,4
1439,09:30:02,3346.49,10
1440,09:30:02,3346.49,1
1441,09:30:02,3346.49,2
1442,09:30:02,3346.49,2
1443,09:30:02,3346.49,2
1444,09:30:02,3346.49,20
1445,09:30:02,3346.49,2
1446,09:30:02,3346.49,2
1447,09:30:02,3346.49,10
1448,09:30:02,3346.49,7
1449,09:30:02,3346.49,10
1450,09:30:02,3346.49,2
1451,09:30:02,3346.49,3
1452,09:30:02,3346.49,15
1453,09:30:02,3346.49,1
1454,09:30:02,3346.49,6
1455,09:30:02,3346.49,6
1456,09:30:02,3346.49,100
1457,09:30:02,3346.49,6
1458,09:30:02,3346.49,10
1459,09:30:02,3346.49,1
1460,09:30:02,3346.49,5
1461,09:30:02,3346.49,1
1462,09:30:02,3346.49,5
1463,09:30:02,3346.49,5
1464,09:30:02,3346.49,3
1465,09:30:02,3346.49,1
1466,09:30:02,3346.49,6
1467,09:30:02,3346.49,2
1468,09:30:02,3346.49,1
1469,09:30:02,3346.49,2000
1470,09:30:02,3346.49,1
1471,09:30:02,3346.49,2
1472,09:30:02,3346.49,1
1473,09:30:02,3346.49,1
1474,09:30:02,3346.49,2
1475,09:30:02,3346.49,1
1476,09:30:02,3346.49,15
1477,09:30:02,3346.49,5
1478,09:30:02,3346.49,1
1479,09:30:02,3346.49,1
1480,09:30:02,3346.49,1
1481,09:30:02,3346.49,1
1482,09:30:02,3346.49,20
1483,09:30:02,3346.49,4
1484,09:30:02,3346.49,3
1485,09:30:02,3346.49,1
1486,09:30:02,3346.49,1
1487,09:30:02,3346.49,1
1488,09:30:02,3346.49,2
1489,09:30:02,3346.49,2
1490,09:30:02,3346.49,1
1491,09:30:02,3346.49,7
1492,09:30:02,3346.49,2
1493,09:30:02,3346.49,1
1494,09:30:02,3346.49,1
1495,09:30:02,3346.49,1
1496,09:30:02,3346.49,1
1497,09:30:02,3346.49,1
1498,09:30:02,3346.49,15
1499,09:30:02,3346.49,2
1500,09:30:02,3346.49,7
1501,09:30:02,3346.49,3
1502,09:30:02,3346.49,1
1503,09:30:02,3346.49,1
1504,09:30:02,3346.49,1
1505,09:30:02,3346.49,200
1506,09:30:02,3346.49,1
1507,09:30:02,3346.49,1
1508,09:30:02,3346.49,1
1509,09:30:02,3346.49,1
1510,09:30:02,3346.49,1
1511,09:30:02,3346.49,5
1512,09:30:02,3346.49,1
1513,09:30:02,3346.49,2
1514,09:30:02,3346.49,6
1515,09:30:02,3346.49,1
1516,09:30:02,3346.49,1
1517,09:30:02,3346.49,2
1518,09:30:02,3346.49,1
1519,09:30:02,3346.49,1
1520,09:30:02,3346.49,1
1521,09:30:02,3346.49,1
1522,09:30:02,3346.49,1
1523,09:30:02,3346.49,10
1524,09:30:02,3346.49,1
1525,09:30:02,3346.49,30
1526,09:30:02,3346.49,4
1527,09:30:02,3346.49,2
1528,09:30:02,3346.49,6
1529,09:30:02,3346.49,10
1530,09:30:02,3346.49,7
1531,09:30:02,3346.49,3
1532,09:30:02,3346.49,50
1533,09:30:02,3346.49,5
1534,09:30:02,3346.49,3
1535,09:30:02,3346.49,2
1536,09:30:02,3346.49,25
1537,09:30:02,3346.49,441
1538,09:30:02,3346.49,122
1539,09:30:02,3346.49,122
1540,09:30:02,3346.49,440
1541,09:30:02,3346.49,8
1542,09:30:02,3346.49,2
1543,09:30:02,3346.49,25
1544,09:30:02,3346.49,1
1545,09:30:02,3346.49,1
1546,09:30:02,3346.49,1
1547,09:30:02,3346.49,8
1548,09:30:02,3346.49,7
1549,09:30:02,3346.49,5
1550,09:30:02,3346.49,8
1551,09:30:02,3346.49,9
1552,09:30:02,3346.49,4
1553,09:30:02,3346.49,15
1554,09:30:02,3346.49,10
1555,09:30:02,3346.49,2
1556,09:30:02,3346.49,3
1557,09:30:02,3346.49,43
1558,09:30:02,3346.49,4
1559,09:30:02,3346.49,3
1560,09:30:02,3346.49,5
1561,09:30:02,3346.49,5
1562,09:30:02,3346.49,10
1563,09:30:02,3346.49,5
1564,09:30:02,3346.49,25
1565,09:30:02,3346.49,3
1566,09:30:02,3346.49,5
1567,09:30:02,3346.49,4
1568,09:30:02,3346.49,2
1569,09:30:02,3346.49,4
1570,09:30:02,3346.49,4
1571,09:30:02,3346.49,3
1572,09:30:02,3346.49,2
1573,09:30:02,3346.49,100
1574,09:30:02,3346.49,1
1575,09:30:02,3346.49,3
1576,09:30:02,3346.49,90
1577,09:30:02,3346.49,15
1578,09:30:02,3346.49,1
1579,09:30:02,3346.49,5
1580,09:30:02,3346.49,1
1581,09:30:02,3346.49,2
1582,09:30:02,3346.49,30
1583,09:30:02,3346.49,1
1584,09:30:02,3346.49,3
1585,09:30:02,3346.49,1
1586,09:30:02,3346.49,1
1587,09:30:02,3346.49,2
1588,09:30:02,3346.49,1
1589,09:30:02,3346.49,1
1590,09:30:02,3346.49,1
1591,09:30:02,3346.49,1
1592,09:30:02,3346.49,9
1593,09:30:02,3346.49,1
1594,09:30:02,3346.49,3
1595,09:30:02,3346.49,1
1596,09:30:02,3346.49,1
1597,09:30:02,3346.49,1
1598,09:30:02,3346.49,19
1599,09:30:02,3346.49,1
1600,09:30:02,3346.49,5
1601,09:30:02,3346.49,2
1602,09:30:02,3346.49,34
1603,09:30:02,3346.49,2
1604,09:30:02,3346.49,2
1605,09:30:02,3346.49,1
1606,09:30:02,3346.49,5
1607,09:30:02,3346.49,2
1608,09:30:02,3346.49,2
1609,09:30:02,3346.49,1
1610,09:30:02,3346.49,10
1611,09:30:02,3346.49,1
1612,09:30:02,3346.49,1
1613,09:30:02,3346.49,1
1614,09:30:02,3346.49,5
1615,09:30:02,3346.49,1
1616,09:30:02,3346.49,1
1617,09:30:02,3346.49,15
1618,09:30:02,3346.49,3
1619,09:30:02,3346.49,4
1620,09:30:02,3346.49,20
1621,09:30:02,3346.49,1
1622,09:30:02,3346.49,2
1623,09:30:02,3346.49,2
1624,09:30:02,3346.49,4
1625,09:30:02,3346.49,10
1626,09:30:02,3346.49,1
1627,09:30:02,3346.49,1
1628,09:30:02,3346.49,3
1629,09:30:02,3346.49,1
1630,09:30:02,3346.49,15
1631,09:30:02,3346.49,2
1632,09:30:02,3346.49,1
1633,09:30:02,3346.49,2
1634,09:30:02,3346.49,2
1635,09:30:02,3346.49,1
1636,09:30:02,3346.49,1
1637,09:30:02,3346.49,4
1638,09:30:02,3346.49,2
1639,09:30:02,3346.49,1
1640,09:30:02,3346.49,1
1641,09:30:02,3346.49,3
1642,09:30:02,3346.49,4
1643,09:30:02,3346.49,1
1644,09:30:02,3346.49,1
1645,09:30:02,3346.49,5
1646,09:30:02,3346.49,1
1647,09:30:02,3346.49,35
1648,09:30:02,3346.49,1
1649,09:30:02,3346.49,2
1650,09:30:02,3346.49,1
1651,09:30:02,3346.49,3
1652,09:30:02,3346.49,1
1653,09:30:02,3346.49,2
1654,09:30:02,3346.49,3
1655,09:30:02,3346.49,1
1656,09:30:02,3346.49,3
1657,09:30:02,3346.49,14
1658,09:30:02,3346.49,20
1659,09:30:02,3346.49,23
1660,09:30:02,3346.49,10
1661,09:30:02,3346.49,2
1662,09:30:02,3346.49,5
1663,09:30:02,3346.49,25
1664,09:30:02,3346.49,4
1665,09:30:02,3346.49,73
1666,09:30:02,3346.49,2
1667,09:30:02,3346.49,7
1668,09:30:02,3346.49,1
1669,09:30:02,3346.49,1
1670,09:30:02,3346.49,15
1671,09:30:02,3346.49,3
1672,09:30:02,3346.49,5
1673,09:30:02,3346.49,1
1674,09:30:02,3346.49,3
1675,09:30:02,3346.49,5
1676,09:30:02,3346.49,1
1677,09:30:02,3346.49,3
1678,09:30:02,3346.49,6
1679,09:30:02,3346.49,3
1680,09:30:02,3346.49,20
1681,09:30:02,3346.49,6
1682,09:30:02,3346.49,127
1683,09:30:02,3346.49,20
1684,09:30:02,3346.49,2
1685,09:30:02,3346.49,5
1686,09:30:02,3346.49,8
1687,09:30:02,3346.49,3
1688,09:30:02,3346.49,9
1689,09:30:02,3346.49,10
1690,09:30:02,3346.49,1
1691,09:30:02,3346.49,4
1692,09:30:02,3346.49,15
1693,09:30:02,3346.49,1
1694,09:30:02,3346.49,1
1695,09:30:02,3346.49,1
1696,09:30:02,3346.49,1
1697,09:30:02,3346.49,3
1698,09:30:02,3346.49,1
1699,09:30:02,3346.49,1
1700,09:30:02,3346.49,3
1701,09:30:02,3346.49,1
1702,09:30:02,3346.49,3
1703,09:30:02,3346.49,2
1704,09:30:02,3346.49,2
1705,09:30:02,3346.49,1
1706,09:30:02,3346.49,1
1707,09:30:02,3346.49,2
1708,09:30:02,3346.49,1
1709,09:30:02,3346.49,18
1710,09:30:02,3346.49,1
1711,09:30:02,3346.49,1
1712,09:30:02,3346.49,8
1713,09:30:02,3346.49,3
1714,09:30:02,3346.49,3
1715,09:30:02,3346.49,1
1716,09:30:02,3346.49,4
1717,09:30:02,3346.49,2
1718,09:30:02,3346.49,1
1719,09:30:02,3346.49,1
1720,09:30:02,3346.49,2
1721,09:30:02,3346.49,2
1722,09:30:02,3346.49,3
1723,09:30:02,3346.49,1
1724,09:30:02,3346.49,3
1725,09:30:02,3346.49,1
1726,09:30:02,3346.49,1
1727,09:30:02,3346.49,13
1728,09:30:02,3346.49,1
1729,09:30:02,3346.49,2
1730,09:30:02,3346.49,1
1731,09:30:02,3346.49,2
1732,09:30:02,3346.49,4
1733,09:30:02,3346.49,2
1734,09:30:02,3346.49,3
1735,09:30:02,3346.49,1
1736,09:30:02,3346.49,1
1737,09:30:02,3346.49,1
1738,09:30:02,3346.49,5
1739,09:30:02,3346.49,1
1740,09:30:02,3346.49,6
1741,09:30:02,3346.49,40
1742,09:30:02,3346.49,1
1743,09:30:02,3346.49,1
1744,09:30:02,3346.49,5
1745,09:30:02,3346.49,5
1746,09:30:02,3346.49,1
1747,09:30:02,3346.49,30
1748,09:30:02,3346.49,5
1749,09:30:02,3346.49,1
1750,09:30:02,3346.49,1
1751,09:30:02,3346.49,1
1752,09:30:02,3346.49,1
1753,09:30:02,3346.49,1
1754,09:30:02,3346.49,4
1755,09:30:02,3346.49,1
1756,09:30:02,3346.49,1
1757,09:30:02,3346.49,1
1758,09:30:02,3346.49,1
1759,09:30:02,3346.49,3
1760,09:30:02,3346.49,1
1761,09:30:02,3346.49,1
1762,09:30:02,3346.49,3
1763,09:30:02,3346.49,1
1764,09:30:02,3346.49,2
1765,09:30:02,3346.49,5
1766,09:30:02,3346.49,10
1767,09:30:02,3346.49,1
1768,09:30:02,3346.49,5
1769,09:30:02,3346.49,1
1770,09:30:02,3346.49,1
1771,09:30:02,3346.49,1
1772,09:30:02,3346.49,75
1773,09:30:02,3346.49,17
1774,09:30:02,3346.49,5
1775,09:30:02,3346.49,5
1776,09:30:02,3346.49,2
1777,09:30:02,3346.49,15
1778,09:30:02,3346.49,1
1779,09:30:02,3346.49,1
1780,09:30:02,3346.49,7
1781,09:30:02,3346.49,40
1782,09:30:02,3346.49,6
1783,09:30:02,3346.49,1
1784,09:30:02,3346.49,10
1785,09:30:02,3346.49,200
1786,09:30:02,3346.49,1
1787,09:30:02,3346.49,2
1788,09:30:02,3346.49,7
1789,09:30:02,3346.49,100
1790,09:30:02,3346.49,2
1791,09:30:02,3346.49,1
1792,09:30:02,3346.49,3
1793,09:30:02,3346.49,1
1794,09:30:02,3346.49,1
1795,09:30:02,3346.49,1
1796,09:30:02,3346.49,1
1797,09:30:02,3346.49,10
1798,09:30:02,3346.49,23
1799,09:30:02,3346.49,5
1800,09:30:02,3346.49,10
1801,09:30:02,3346.49,8
1802,09:30:02,3346.49,11
1803,09:30:02,3346.49,2
1804,09:30:02,3346.49,5
1805,09:30:02,3346.49,6
1806,09:30:02,3346.49,3
1807,09:30:02,3346.49,2
1808,09:30:02,3346.49,1
1809,09:30:02,3346.49,15
1810,09:30:02,3346.49,3
1811,09:30:02,3346.49,3
1812,09:30:02,3346.49,6
1813,09:30:02,3346.49,4
1814,09:30:02,3346.49,5
1815,09:30:02,3346.49,8
1816,09:30:02,3346.49,3
1817,09:30:02,3346.49,5
1818,09:30:02,3346.49,1
1819,09:30:02,3346.49,4
1820,09:30:02,3346.49,1
1821,09:30:02,3346.49,7
1822,09:30:02,3346.49,75
1823,09:30:02,3346.49,2
1824,09:30:02,3346.49,2
1825,09:30:02,3346.49,91
1826,09:30:02,3346.49,3
1827,09:30:02,3346.49,8
1828,09:30:02,3346.49,3
1829,09:30:02,3346.49,10
1830,09:30:02,3346.49,194
1831,09:30:02,3346.49,1
1832,09:30:02,3346.49,1
1833,09:30:02,3346.49,3
1834,09:30:02,3346.49,3
1835,09:30:02,3346.49,1
1836,09:30:02,3346.49,3
1837,09:30:02,3346.49,2
1838,09:30:02,3346.49,1
1839,09:30:02,3346.49,5
1840,09:30:02,3346.49,3
1841,09:30:02,3346.49,20
1842,09:30:02,3346.49,6
1843,09:30:02,3346.49,1
1844,09:30:02,3346.49,5
1845,09:30:02,3346.49,1
1846,09:30:02,3346.49,1
1847,09:30:02,3346.49,7
1848,09:30:02,3346.49,5
1849,09:30:02,3346.49,8
1850,09:30:02,3346.49,10
1851,09:30:02,3346.49,3
1852,09:30:02,3346.49,1
1853,09:30:02,3346.49,1
1854,09:30:02,3346.49,2
1855,09:30:02,3346.49,2
1856,09:30:02,3346.49,3
1857,09:30:02,3346.49,1
1858,09:30:02,3346.49,5
1859,09:30:02,3346.49,5
1860,09:30:02,3346.49,1
1861,09:30:02,3346.49,2
1862,09:30:02,3346.49,5
1863,09:30:02,3346.49,1
1864,09:30:02,3346.49,2
1865,09:30:02,3346.49,2
1866,09:30:02,3346.49,4
1867,09:30:02,3346.49,64
1868,09:30:02,3346.49,200
1869,09:30:02,3346.49,8
1870,09:30:02,3346.49,1
1871,09:30:02,3346.49,8
1872,09:30:02,3346.49,1
1873,09:30:02,3346.49,8
1874,09:30:02,3346.49,3
1875,09:30:02,3346.49,2
1876,09:30:02,3346.49,1
1877,09:30:02,3346.49,1
1878,09:30:02,3346.49,1
1879,09:30:02,3346.49,2
1880,09:30:02,3346.49,1
1881,09:30:02,3346.49,1
1882,09:30:02,3346.49,2
1883,09:30:02,3346.49,1
1884,09:30:02,3346.49,3
1885,09:30:02,3346.49,1
1886,09:30:02,3346.49,3
1887,09:30:02,3346.49,8
1888,09:30:02,3346.49,5
1889,09:30:02,3346.49,24
1890,09:30:02,3346.49,1
1891,09:30:02,3346.49,2
1892,09:30:02,3346.49,1
1893,09:30:02,3346.49,1
1894,09:30:02,3346.49,8
1895,09:30:02,3346.49,2
1896,09:30:02,3346.49,15
1897,09:30:02,3346.49,1
1898,09:30:02,3346.49,3
1899,09:30:02,3346.49,20
1900,09:30:02,3346.49,2
1901,09:30:02,3346.49,1
1902,09:30:02,3346.49,1
1903,09:30:02,3346.49,3
1904,09:30:02,3346.49,2
1905,09:30:02,3346.49,1
1906,09:30:02,3346.49,1
1907,09:30:02,3346.49,1
1908,09:30:02,3346.49,1
1909,09:30:02,3346.49,26
1910,09:30:02,3346.49,7
1911,09:30:02,3346.49,4
1912,09:30:02,3346.49,12
1913,09:30:02,3346.49,1
1914,09:30:02,3346.49,2
1915,09:30:02,3346.49,36
1916,09:30:02,3346.49,2
1917,09:30:02,3346.49,3
1918,09:30:02,3346.49,1250
1919,09:30:02,3346.49,2
1920,09:30:02,3346.49,12
1921,09:30:02,3346.49,1
1922,09:30:02,3346.49,6
1923,09:30:02,3346.49,5
1924,09:30:02,3346.49,392
1925,09:30:02,3346.49,14
1926,09:30:02,3346.49,9
1927,09:30:02,3346.49,5
1928,09:30:02,3346.49,1
1929,09:30:02,3346.49,37
1930,09:30:02,3346.49,1
1931,09:30:02,3346.49,6
1932,09:30:02,3346.49,5
1933,09:30:02,3346.49,100
1934,09:30:02,3346.49,20
1935,09:30:02,3346.49,5
1936,09:30:02,3346.49,1
1937,09:30:02,3346.49,1
1938,09:30:02,3346.49,10
1939,09:30:02,3346.49,1
1940,09:30:02,3346.49,3
1941,09:30:02,3346.49,4
1942,09:30:02,3346.49,1
1943,09:30:02,3346.49,10
1944,09:30:02,3346.49,4
1945,09:30:02,3346.49,2
1946,09:30:02,3346.49,2
1947,09:30:02,3346.49,1
1948,09:30:02,3346.49,1
1949,09:30:02,3346.49,1
1950,09:30:02,3346.49,1
1951,09:30:02,3346.49,1
1952,09:30:02,3346.49,25
1953,09:30:02,3346.49,11
1954,09:30:02,3346.49,1
1955,09:30:02,3346.49,6
1956,09:30:02,3346.49,3
1957,09:30:02,3346.49,1
1958,09:30:02,3346.49,12
1959,09:30:02,3346.49,3
1960,09:30:02,3346.49,3
1961,09:30:02,3346.49,3
1962,09:30:02,3346.49,1
1963,09:30:02,3346.49,2
1964,09:30:02,3346.49,1
1965,09:30:02,3346.49,2
1966,09:30:02,3346.49,2
1967,09:30:02,3346.49,1
1968,09:30:02,3346.49,5
1969,09:30:02,3346.49,1
1970,09:30:02,3346.49,3
1971,09:30:02,3346.49,2
1972,09:30:02,3346.49,1
1973,09:30:02,3346.49,1
1974,09:30:02,3346.49,1
1975,09:30:02,3346.49,1
1976,09:30:02,3346.49,25
1977,09:30:02,3346.49,5
1978,09:30:02,3346.49,1
1979,09:30:02,3346.49,2
1980,09:30:02,3346.49,100
1981,09:30:02,3346.49,1
1982,09:30:02,3346.49,1
1983,09:30:02,3346.49,14
1984,09:30:02,3346.49,69
1985,09:30:02,3346.49,400
1986,09:30:02,3346.49,14
1987,09:30:02,3346.49,124
1988,09:30:02,3346.49,1
1989,09:30:02,3346.49,1
1990,09:30:02,3346.49,10
1991,09:30:02,3346.49,29
1992,09:30:02,3346.49,149
1993,09:30:02,3346.49,14
1994,09:30:02,3346.49,205
1995,09:30:02,3346.49,64
1996,09:30:02,3346.49,1
1997,09:30:02,3346.49,1
1998,09:30:02,3346.49,2
1999,09:30:02,3346.49,1
2000,09:30:02,3346.49,2
2001,09:30:02,3346.49,1
2002,09:30:02,3346.49,8
2003,09:30:02,3346.49,1
2004,09:30:02,3346.49,2
2005,09:30:02,3346.49,1
2006,09:30:02,3346.49,1
2007,09:30:02,3346.49,1
2008,09:30:02,3346.49,1
2009,09:30:02,3346.49,2
2010,09:30:02,3346.49,2
2011,09:30:02,3346.49,2
2012,09:30:02,3346.49,1
2013,09:30:02,3346.49,3
2014,09:30:02,3346.49,1
2015,09:30:02,3346.49,5
2016,09:30:02,3346.49,1
2017,09:30:02,3346.49,20
2018,09:30:02,3346.49,1
2019,09:30:02,3346.49,1
2020,09:30:02,3346.49,5
2021,09:30:02,3346.49,3
2022,09:30:02,3346.49,1
2023,09:30:02,3346.49,1
2024,09:30:02,3346.49,5
2025,09:30:02,3346.49,5
2026,09:30:02,3346.49,2
2027,09:30:02,3346.49,1
2028,09:30:02,3346.49,17
2029,09:30:02,3346.49,2
2030,09:30:02,3346.49,1
2031,09:30:02,3346.49,4
2032,09:30:02,3346.49,2
2033,09:30:02,3346.49,1
2034,09:30:02,3346.49,2
2035,09:30:02,3346.49,2
2036,09:30:02,3346.49,2
2037,09:30:02,3346.49,3
2038,09:30:02,3346.49,65
2039,09:30:02,3346.49,2
2040,09:30:02,3346.49,1
2041,09:30:02,3346.49,2
2042,09:30:02,3346.49,2
2043,09:30:02,3346.49,2
2044,09:30:02,3346.49,5
2045,09:30:02,3346.49,1
2046,09:30:02,3346.49,15
2047,09:30:02,3346.49,25
2048,09:30:02,3346.49,1
2049,09:30:02,3346.49,4
2050,09:30:02,3346.49,30
2051,09:30:02,3346.49,5
2052,09:30:02,3346.49,4
2053,09:30:02,3346.49,1
2054,09:30:02,3346.49,1
2055,09:30:02,3346.49,1
2056,09:30:02,3346.49,1
2057,09:30:02,3346.49,1
2058,09:30:02,3346.49,1
2059,09:30:02,3346.49,2
2060,09:30:02,3346.49,2
2061,09:30:02,3346.49,1
2062,09:30:02,3346.49,1
2063,09:30:02,3346.49,2
2064,09:30:02,3346.49,20
2065,09:30:02,3346.49,1
2066,09:30:02,3346.49,1
2067,09:30:02,3346.49,1
2068,09:30:02,3346.49,1
2069,09:30:02,3346.49,3
2070,09:30:02,3346.49,5
2071,09:30:02,3346.49,10
2072,09:30:02,3346.49,1
2073,09:30:02,3346.49,1
2074,09:30:02,3346.49,1
2075,09:30:02,3346.49,1
2076,09:30:02,3346.49,1
2077,09:30:02,3346.49,1
2078,09:30:02,3346.49,1
2079,09:30:02,3346.49,1
2080,09:30:02,3346.49,2
2081,09:30:02,3346.49,1
2082,09:30:02,3346.49,33
2083,09:30:02,3346.49,64
2084,09:30:02,3346.49,65
2085,09:30:02,3346.49,3
2086,09:30:02,3346.49,1
2087,09:30:02,3346.49,64
2088,09:30:02,3346.49,1
2089,09:30:02,3346.49,5
2090,09:30:02,3346.49,65
2091,09:30:02,3346.49,1
2092,09:30:02,3346.49,64
2093,09:30:02,3346.49,25
2094,09:30:02,3346.49,1
2095,09:30:02,3346.49,1
2096,09:30:02,3346.49,8
2097,09:30:02,3346.49,1
2098,09:30:02,3346.49,1
2099,09:30:02,3346.49,10
2100,09:30:02,3346.49,1
2101,09:30:02,3346.49,16
2102,09:30:02,3346.49,2
2103,09:30:02,3346.49,1
2104,09:30:02,3346.49,64
2105,09:30:02,3346.49,1
2106,09:30:02,3346.49,11
2107,09:30:02,3346.49,65
2108,09:30:02,3346.49,1
2109,09:30:02,3346.49,64
2110,09:30:02,3346.49,65
2111,09:30:02,3346.49,1
2112,09:30:02,3346.49,11
2113,09:30:02,3346.49,2
2114,09:30:02,3346.49,10
2115,09:30:02,3346.49,10
2116,09:30:02,3346.49,8
2117,09:30:02,3346.49,64
2118,09:30:02,3346.49,65
2119,09:30:02,3346.49,64
2120,09:30:02,3346.49,100
2121,09:30:02,3346.49,1
2122,09:30:02,3346.49,2
2123,09:30:02,3346.49,1
2124,09:30:02,3346.49,1
2125,09:30:02,3346.49,65
2126,09:30:02,3346.49,64
2127,09:30:02,3346.49,1
2128,09:30:02,3346.49,10
2129,09:30:02,3346.49,30
2130,09:30:02,3346.49,1
2131,09:30:02,3346.49,2
2132,09:30:02,3346.49,4
2133,09:30:02,3346.49,2
2134,09:30:02,3346.49,1
2135,09:30:02,3346.49,1
2136,09:30:02,3346.49,6
2137,09:30:02,3346.49,1
2138,09:30:02,3346.49,1
2139,09:30:02,3346.49,1
2140,09:30:02,3346.49,1
2141,09:30:02,3346.49,1
2142,09:30:02,3346.49,1
2143,09:30:02,3346.49,2
2144,09:30:02,3346.49,3
2145,09:30:02,3346.49,5
2146,09:30:02,3346.49,8
2147,09:30:02,3346.49,2
2148,09:30:02,3346.49,210
2149,09:30:02,3346.49,1
2150,09:30:02,3346.49,10
2151,09:30:02,3346.49,1
2152,09:30:02,3346.49,1
2153,09:30:02,3346.49,1
2154,09:30:02,3346.49,1
2155,09:30:02,3346.49,1
2156,09:30:02,3346.49,10
2157,09:30:02,3346.49,1
2158,09:30:02,3346.49,5
2159,09:30:02,3346.49,10
2160,09:30:02,3346.49,1
2161,09:30:02,3346.49,1
2162,09:30:02,3346.49,2
2163,09:30:02,3346.49,1
2164,09:30:02,3346.49,1
2165,09:30:02,3346.49,2
2166,09:30:02,3346.49,5
2167,09:30:02,3346.49,1
2168,09:30:02,3346.49,3
2169,09:30:02,3346.49,4
2170,09:30:02,3346.49,1
2171,09:30:02,3346.49,2
2172,09:30:02,3346.49,4
2173,09:30:02,3346.49,2
2174,09:30:02,3346.49,1
2175,09:30:02,3346.49,7
2176,09:30:02,3346.49,2
2177,09:30:02,3346.49,65
2178,09:30:02,3346.49,2
2179,09:30:02,3346.49,64
2180,09:30:02,3346.49,64
2181,09:30:02,3346.49,65
2182,09:30:02,3346.49,64
2183,09:30:02,3346.49,1
2184,09:30:02,3346.49,1
2185,09:30:02,3346.49,1
2186,09:30:02,3346.49,65
2187,09:30:02,3346.49,32
2188,09:30:02,3346.49,32
2189,09:30:02,3346.49,30
2190,09:30:02,3346.49,32
2191,09:30:02,3346.49,33
2192,09:30:02,3346.49,1
2193,09:30:02,3346.49,32
2194,09:30:02,3346.49,32
2195,09:30:02,3346.49,6
2196,09:30:02,3346.49,32
2197,09:30:02,3346.49,33
2198,09:30:02,3346.49,1
2199,09:30:02,3346.49,32
2200,09:30:02,3346.49,32
2201,09:30:02,3346.49,1
2202,09:30:02,3346.49,22
2203,09:30:02,3346.49,2
2204,09:30:02,3346.49,178
2205,09:30:02,3346.49,193
2206,09:30:02,3346.49,1
2207,09:30:02,3346.49,1
2208,09:30:02,3346.49,12
2209,09:30:02,3346.49,2
2210,09:30:02,3346.49,32
2211,09:30:02,3346.49,1
2212,09:30:02,3346.49,1
2213,09:30:02,3346.49,49
2214,09:30:02,3346.49,1
2215,09:30:02,3346.49,2
2216,09:30:02,3346.49,1
2217,09:30:02,3346.49,2
2218,09:30:02,3346.49,1
2219,09:30:02,3346.49,1
2220,09:30:02,3346.49,1
2221,09:30:02,3346.49,1
2222,09:30:02,3346.49,1
2223,09:30:02,3346.49,2
2224,09:30:02,3346.49,400
2225,09:30:02,3346.49,2
2226,09:30:02,3346.49,1
2227,09:30:02,3346.49,1
2228,09:30:02,3346.49,45
2229,09:30:02,3346.49,7
2230,09:30:02,3346.49,2
2231,09:30:02,3346.49,2
2232,09:30:02,3346.49,9
2233,09:30:02,3346.49,1
2234,09:30:02,3346.49,1
2235,09:30:02,3346.49,578
2236,09:30:02,3346.49,1
2237,09:30:02,3346.49,1
2238,09:30:02,3346.49,3
2239,09:30:02,3346.49,3
2240,09:30:02,3346.49,9
2241,09:30:02,3346.49,7
2242,09:30:02,3346.49,3
2243,09:30:02,3346.49,1
2244,09:30:02,3346.49,5
2245,09:30:02,3346.49,10
2246,09:30:02,3346.49,3
2247,09:30:02,3346.49,1
2248,09:30:02,3346.49,2
2249,09:30:02,3346.49,13
2250,09:30:02,3346.49,14
2251,09:30:02,3346.49,22
2252,09:30:02,3346.49,9
2253,09:30:02,3346.49,1
2254,09:30:02,3346.49,2
2255,09:30:02,3346.49,1
2256,09:30:02,3346.49,2
2257,09:30:02,3346.49,2
2258,09:30:02,3346.49,1
2259,09:30:02,3346.49,45
2260,09:30:02,3346.49,5
2261,09:30:02,3346.49,1
2262,09:30:02,3346.49,1
2263,09:30:02,3346.49,5
2264,09:30:02,3346.49,5
2265,09:30:02,3346.49,5
2266,09:30:02,3346.49,1
2267,09:30:02,3346.49,7
2268,09:30:02,3346.49,1
2269,09:30:02,3346.49,241
2270,09:30:02,3346.49,3
2271,09:30:02,3346.49,13
2272,09:30:02,3346.49,4
2273,09:30:02,3346.49,34
2274,09:30:02,3346.49,1
2275,09:30:02,3346.49,1
2276,09:30:02,3346.49,1
2277,09:30:02,3346.49,1
2278,09:30:02,3346.49,1
2279,09:30:02,3346.49,1
2280,09:30:02,3346.49,2
2281,09:30:02,3346.49,1
2282,09:30:02,3346.49,3
2283,09:30:02,3346.49,4
2284,09:30:02,3346.49,4
2285,09:30:02,3346.49,2
2286,09:30:02,3346.49,3
2287,09:30:02,3346.49,2
2288,09:30:02,3346.49,1
2289,09:30:02,3346.49,1
2290,09:30:02,3346.49,1
2291,09:30:02,3346.49,1
2292,09:30:02,3346.49,1
2293,09:30:02,3346.49,1
2294,09:30:02,3346.49,5
2295,09:30:02,3346.49,2
2296,09:30:02,3346.49,1
2297,09:30:02,3346.49,1
2298,09:30:02,3346.49,1
2299,09:30:02,3346.49,1
2300,09:30:02,3346.49,1
2301,09:30:02,3346.49,1
2302,09:30:02,3346.49,1
2303,09:30:02,3346.49,1
2304,09:30:02,3346.49,2
2305,09:30:02,3346.49,1
2306,09:30:02,3346.49,1
2307,09:30:02,3346.49,1
2308,09:30:02,3346.49,3
2309,09:30:02,3346.49,1
2310,09:30:02,3346.49,1
2311,09:30:02,3346.49,2
2312,09:30:02,3346.49,1
2313,09:30:02,3346.49,3
2314,09:30:02,3346.49,3
2315,09:30:02,3346.49,1
2316,09:30:02,3346.49,2
2317,09:30:02,3346.49,1
2318,09:30:02,3346.49,1
2319,09:30:02,3346.49,1
2320,09:30:02,3346.49,2
2321,09:30:02,3346.49,2
2322,09:30:02,3346.49,1
2323,09:30:02,3346.49,1
2324,09:30:02,3346.49,4
2325,09:30:02,3346.49,2
2326,09:30:02,3346.49,4
2327,09:30:02,3346.49,1
2328,09:30:02,3346.49,1
2329,09:30:02,3346.49,5
2330,09:30:02,3346.49,1
2331,09:30:02,3346.49,1
2332,09:30:02,3346.49,1
2333,09:30:02,3346.49,10
2334,09:30:02,3346.49,1
2335,09:30:02,3346.49,1
2336,09:30:02,3346.49,1
2337,09:30:02,3346.49,1
2338,09:30:02,3346.49,2
2339,09:30:02,3346.49,8
2340,09:30:02,3346.49,2
2341,09:30:02,3346.49,1
2342,09:30:02,3346.49,2
2343,09:30:02,3346.49,1
2344,09:30:02,3346.49,5
2345,09:30:02,3346.49,2
2346,09:30:02,3346.49,2
2347,09:30:02,3346.49,1
2348,09:30:02,3346.49,3
2349,09:30:02,3346.49,1
2350,09:30:02,3346.49,3
2351,09:30:02,3346.49,1
2352,09:30:02,3346.49,2
2353,09:30:02,3346.49,1
2354,09:30:02,3346.49,5
2355,09:30:02,3346.49,10
2356,09:30:02,3346.49,2
2357,09:30:02,3346.49,5
2358,09:30:02,3346.49,5
2359,09:30:02,3346.49,1
2360,09:30:02,3346.49,2
2361,09:30:02,3346.49,3
2362,09:30:02,3346.49,2
2363,09:30:02,3346.49,1
2364,09:30:02,3346.49,3
2365,09:30:02,3346.49,2
2366,09:30:02,3346.49,1
2367,09:30:02,3346.49,2
2368,09:30:02,3346.49,2
2369,09:30:02,3346.49,4
2370,09:30:02,3346.49,1
2371,09:30:02,3346.49,1
2372,09:30:02,3346.49,15
2373,09:30:02,3346.49,1
2374,09:30:02,3346.49,1
2375,09:30:02,3346.49,10
2376,09:30:02,3346.49,2
2377,09:30:02,3346.49,5
2378,09:30:02,3346.49,4
2379,09:30:02,3346.49,2
2380,09:30:02,3346.49,2
2381,09:30:02,3346.49,1
2382,09:30:02,3346.49,6
2383,09:30:02,3346.49,100
2384,09:30:02,3346.49,11
2385,09:30:02,3346.49,1
2386,09:30:02,3346.49,9
2387,09:30:02,3346.49,60
2388,09:30:02,3346.49,9
2389,09:30:02,3346.49,8
2390,09:30:02,3346.49,8
2391,09:30:02,3346.49,103
2392,09:30:02,3346.49,14
2393,09:30:02,3346.49,184
2394,09:30:02,3346.49,5
2395,09:30:02,3346.49,10
2396,09:30:02,3346.49,4
2397,09:30:02,3346.49,1
2398,09:30:02,3346.49,24
2399,09:30:02,3346.49,148
2400,09:30:02,3346.49,5
2401,09:30:02,3346.49,1
2402,09:30:02,3346.49,1
2403,09:30:02,3346.49,10
2404,09:30:02,3346.49,2
2405,09:30:02,3346.49,2
2406,09:30:02,3346.49,1
2407,09:30:02,3346.49,16
2408,09:30:02,3346.49,5
2409,09:30:02,3346.49,5
2410,09:30:02,3346.49,1
2411,09:30:02,3346.49,1
2412,09:30:02,3346.49,24
2413,09:30:02,3346.49,100
2414,09:30:02,3346.49,1
2415,09:30:02,3346.49,9
2416,09:30:02,3346.49,1
2417,09:30:02,3346.49,3
2418,09:30:02,3346.49,3
2419,09:30:02,3346.49,1
2420,09:30:02,3346.49,1
2421,09:30:02,3346.49,200
2422,09:30:02,3346.49,38
2423,09:30:02,3346.49,37
2424,09:30:02,3346.49,1
2425,09:30:02,3346.49,1
2426,09:30:02,3346.49,2
2427,09:30:02,3346.49,58
2428,09:30:02,3346.49,100
2429,09:30:02,3346.49,262
2430,09:30:02,3346.49,1
2431,09:30:02,3346.49,6
2432,09:30:02,3346.49,3
2433,09:30:02,3346.49,1
2434,09:30:02,3346.49,1
2435,09:30:02,3346.49,10
2436,09:30:02,3346.49,2
2437,09:30:02,3346.49,1
2438,09:30:02,3346.49,100
2439,09:30:02,3346.49,4
2440,09:30:02,3346.49,124
2441,09:30:02,3346.49,249
2442,09:30:02,3346.49,1
2443,09:30:02,3346.49,5
2444,09:30:02,3346.49,3
2445,09:30:02,3346.49,22
2446,09:30:02,3346.49,3
2447,09:30:02,3346.49,38
2448,09:30:02,3346.49,2
2449,09:30:02,3346.49,22
2450,09:30:02,3346.49,5
2451,09:30:02,3346.49,9
2452,09:30:02,3346.49,5
2453,09:30:02,3346.49,15
2454,09:30:02,3346.49,1
2455,09:30:02,3346.49,50
2456,09:30:02,3346.49,50
2457,09:30:02,3346.49,29
2458,09:30:02,3346.49,14
2459,09:30:02,3346.49,16
2460,09:30:02,3346.49,3
2461,09:30:02,3346.49,18
2462,09:30:02,3346.49,30
2463,09:30:02,3346.49,4
2464,09:30:02,3346.49,5
2465,09:30:00,3346.54,100
2466,09:30:00,3346.8585,306
2467,09:30:00,3346.49,30
2468,09:30:00,3346.49,101
2469,09:30:00,3346.49,146
2470,10:29:46,3363.855,180
2471,10:29:13,3363.93,100
2472,10:29:06,3364.16,100
2473,10:27:56,3363.6,100
2474,10:27:43,3363.48,100
2475,10:27:38,3362.6168,152
2476,10:27:27,3362.25,100
2477,10:26:48,3362.65,100
2478,10:26:48,3362.68,100
2479,10:26:48,3362.68,280
2480,10:26:38,3362.85,100
2481,10:26:27,3362.0001,200
2482,10:26:16,3364.37,100
2483,10:26:00,3364.7255,100
2484,10:25:42,3364.4683,300
2485,10:25:36,3364.82,100
2486,10:25:14,3364.03,100
2487,10:25:13,3364.79,100
2488,10:25:02,3363.6101,100
2489,10:24:59,3363.87,100
2490,10:24:54,3363.0983,100
2491,10:24:35,3362.92,100
2492,10:24:35,3362.5001,100
2493,10:24:21,3363.56,125
2494,10:24:17,3363.02,100
2495,10:24:10,3363.0,100
2496,10:23:40,3365.78,100
2497,10:23:26,3365.53,100
2498,10:23:26,3365.48,100
2499,10:23:01,3365.53,100
2500,10:23:00,3365.0,100
2501,10:22:34,3364.31,102
2502,10:22:10,3364.7,100
2503,10:22:08,3365.0401,297
2504,10:22:02,3364.295,100
2505,10:22:00,3364.27,100
2506,10:21:55,3365.38,100
2507,10:21:54,3366.01,100
2508,10:21:38,3367.04,100
2509,10:21:28,3366.29,100
2510,10:21:26,3365.68,100
2511,10:21:25,3365.51,100
2512,10:21:25,3365.5,100
2513,10:21:24,3366.0,100
2514,10:21:11,3367.94,100
2515,10:21:11,3367.92,100
2516,10:21:04,3368.36,100
2517,10:21:03,3368.32,100
2518,10:20:34,3367.15,100
2519,10:20:34,3367.63,100
2520,10:20:29,3368.3,100
2521,10:20:01,3367.06,100
2522,10:20:01,3367.0,366
2523,10:20:01,3367.0,191
2524,10:19:41,3365.66,100
2525,10:19:39,3365.67,100
2526,10:19:39,3365.67,100
2527,10:19:39,3365.68,100
2528,10:19:39,3365.67,100
2529,10:19:39,3365.86,100
2530,10:19:39,3365.67,100
2531,10:19:39,3365.6627,200
2532,10:19:18,3366.13,100
2533,10:19:12,3366.02,200
2534,10:19:12,3366.865,200
2535,10:18:55,3368.01,100
2536,10:18:55,3368.0,138
2537,10:18:55,3368.0,100
2538,10:18:55,3368.11,100
2539,10:18:55,3368.01,100
2540,10:18:55,3368.01,100
2541,10:18:52,3368.74,100
2542,10:18:45,3368.75,100
2543,10:18:41,3368.76,100
2544,10:18:17,3369.14,100
2545,10:17:49,3369.02,100
2546,10:17:49,3368.18,100
2547,10:17:45,3369.115,100
2548,10:17:23,3370.715,100
2549,10:17:20,3371.0491,200
2550,10:17:19,3370.22,100
2551,10:17:19,3371.07,123
2552,10:17:19,3371.0601,400
2553,10:17:16,3371.12,101
2554,10:17:08,3371.23,100
2555,10:16:57,3370.0,100
2556,10:16:51,3369.9999,100
2557,10:16:39,3369.48,100
2558,10:16:39,3369.46,100
2559,10:16:39,3369.45,100
2560,10:16:39,3369.46,100
2561,10:16:39,3369.4773,200
2562,10:16:39,3369.45,100
2563,10:16:39,3369.45,100
2564,10:16:26,3369.48,100
2565,10:16:26,3369.445,100
2566,10:16:26,3369.455,100
2567,10:16:24,3369.0,756
2568,10:16:12,3369.8,100
2569,10:16:12,3369.8,100
2570,10:16:08,3369.68,100
2571,10:16:07,3370.31,200
2572,10:15:49,3370.55,100
2573,10:15:35,3370.43,200
2574,10:15:18,3369.38,100
2575,10:14:56,3367.87,100
2576,10:14:34,3368.06,100
2577,10:14:33,3368.395,100
2578,10:14:33,3368.93,100
2579,10:14:32,3368.98,100
2580,10:14:32,3368.982,100
2581,10:14:32,3368.958,100
2582,10:14:32,3368.958,100
2583,10:14:32,3368.896,100
2584,10:14:32,3368.8,100
2585,10:14:31,3368.3,100
2586,10:14:30,3368.81,100
2587,10:14:30,3367.71,100
2588,10:14:26,3368.325,100
2589,10:14:25,3368.73,100
2590,10:14:16,3368.9999,115
2591,10:14:15,3368.0,100
2592,10:14:10,3367.82,100
2593,10:14:10,3367.83,100
2594,10:13:56,3367.0,199
2595,10:13:46,3365.5,100
2596,10:13:45,3365.5,100
2597,10:13:43,3365.0,348
2598,10:13:43,3365.0,136
2599,10:13:43,3365.0,100
2600,10:13:43,3365.0,100
2601,10:13:33,3362.65,500
2602,10:13:31,3362.64,102
2603,10:13:19,3363.44,100
2604,10:13:19,3363.45,100
2605,10:13:12,3364.145,100
2606,10:13:12,3363.4639,100
2607,10:13:11,3363.4661,100
2608,10:13:08,3364.25,100
2609,10:13:08,3364.3,100
2610,10:13:01,3364.27,100
2611,10:12:57,3364.26,100
2612,10:12:44,3364.0,400
2613,10:12:29,3364.88,100
2614,10:12:09,3365.8867,100
2615,10:11:32,3367.21,100
2616,10:11:22,3365.72,100
2617,10:11:22,3365.0001,300
2618,10:11:08,3366.0608,300
2619,10:10:51,3366.5675,100
2620,10:10:50,3366.29,100
2621,10:10:42,3365.37,100
2622,10:10:26,3365.4,100
2623,10:09:57,3364.5,100
2624,10:09:56,3364.51,148
2625,10:09:56,3364.51,165
2626,10:09:56,3364.67,100
2627,10:09:44,3365.745,118
2628,10:09:20,3366.105,100
2629,10:09:15,3366.72,100
2630,10:09:06,3365.71,100
2631,10:08:56,3365.63,100
2632,10:08:55,3366.8,150
2633,10:08:38,3366.66,100
2634,10:08:29,3366.0431,400
2635,10:08:10,3366.17,100
2636,10:07:44,3367.265,300
2637,10:07:43,3367.26,150
2638,10:07:39,3367.19,100
2639,10:07:39,3366.87,100
2640,10:07:28,3365.41,100
2641,10:07:28,3365.4,100
2642,10:07:28,3365.64,100
2643,10:07:28,3365.57,100
2644,10:07:27,3365.69,150
2645,10:07:22,3365.08,100
2646,10:07:22,3365.32,100
2647,10:07:15,3364.7814,135
2648,10:07:15,3365.071,250
2649,10:07:09,3365.51,100
2650,10:07:00,3365.48,100
2651,10:07:00,3365.48,100
2652,10:07:00,3365.155,100
2653,10:07:00,3364.7373,215
2654,10:06:56,3365.3185,150
2655,10:06:55,3365.09,100
2656,10:06:54,3364.47,100
2657,10:06:53,3364.23,100
2658,10:06:41,3363.7,100
2659,10:06:41,3363.82,100
2660,10:06:35,3364.265,100
2661,10:06:34,3364.63,100
2662,10:06:34,3364.15,200
2663,10:06:30,3363.61,100
2664,10:06:15,3363.5,100
2665,10:06:15,3363.041,118
2666,10:06:15,3363.041,195
2667,10:06:15,3363.041,687
2668,10:06:06,3364.0,100
2669,10:06:06,3364.69,100
2670,10:06:06,3364.15,100
2671,10:06:03,3364.4867,296
2672,10:06:02,3364.95,100
2673,10:06:02,3364.61,100
2674,10:05:59,3365.04,100
2675,10:05:57,3365.08,100
2676,10:05:56,3365.09,100
2677,10:05:54,3364.99,100
2678,10:05:54,3364.685,600
2679,10:05:50,3364.94,100
2680,10:05:50,3365.53,100
2681,10:05:47,3366.8071,184
2682,10:05:40,3367.26,100
2683,10:05:35,3367.07,100
2684,10:05:24,3367.335,100
2685,10:05:22,3367.59,100
2686,10:05:11,3368.05,100
2687,10:05:11,3368.05,200
2688,10:05:00,3368.73,100
2689,10:05:00,3368.235,300
2690,10:04:58,3366.9,100
2691,10:04:47,3366.11,100
2692,10:04:47,3367.2,553
2693,10:04:46,3367.61,100
2694,10:04:39,3368.13,100
2695,10:04:36,3367.847,500
2696,10:04:35,3367.7525,100
2697,10:04:34,3367.28,100
2698,10:04:34,3367.2,250
2699,10:04:34,3367.2,100
2700,10:04:34,3367.36,100
2701,10:04:34,3368.0,100
2702,10:04:15,3371.74,100
2703,10:04:09,3371.525,164
2704,10:04:00,3371.85,100
2705,10:04:00,3370.8881,100
2706,10:03:52,3371.27,100
2707,10:03:52,3370.45,100
2708,10:03:52,3370.45,361
2709,10:03:52,3370.45,100
2710,10:03:52,3370.45,100
2711,10:03:52,3370.45,100
2712,10:03:42,3370.55,193
2713,10:03:39,3371.22,177
2714,10:03:39,3369.84,133
2715,10:03:16,3369.59,100
2716,10:03:06,3369.57,100
2717,10:03:06,3369.15,100
2718,10:03:06,3369.21,100
2719,10:03:04,3368.97,100
2720,10:03:04,3368.57,100
2721,10:03:04,3368.53,100
2722,10:03:04,3369.0,100
2723,10:02:57,3369.135,100
2724,10:02:57,3368.31,100
2725,10:02:57,3368.31,100
2726,10:02:56,3369.0,100
2727,10:02:53,3369.21,100
2728,10:02:52,3370.025,100
2729,10:02:49,3369.2,100
2730,10:02:42,3370.025,100
2731,10:02:42,3369.38,100
2732,10:02:42,3369.4,100
2733,10:02:41,3369.92,100
2734,10:02:36,3368.96,100
2735,10:02:35,3367.78,100
2736,10:02:34,3367.87,100
2737,10:02:33,3368.04,100
2738,10:02:32,3370.22,100
2739,10:02:32,3368.04,100
2740,10:02:31,3369.94,100
2741,10:02:29,3368.615,200
2742,10:02:29,3368.26,100
2743,10:02:29,3369.37,100
2744,10:02:27,3370.0,105
2745,10:02:27,3370.08,100
2746,10:02:27,3370.595,100
2747,10:02:22,3370.985,100
2748,10:02:17,3371.59,100
2749,10:02:13,3372.83,100
2750,10:02:09,3373.05,100
2751,10:02:09,3373.74,100
2752,10:02:09,3374.2,100
2753,10:02:06,3373.675,100
2754,10:01:56,3373.61,100
2755,10:01:54,3373.9,100
2756,10:01:47,3373.62,100
2757,10:01:42,3373.1938,100
2758,10:01:40,3373.62,100
2759,10:01:33,3374.03,100
2760,10:01:32,3374.595,199
2761,10:01:31,3375.01,100
2762,10:01:31,3375.06,100
2763,10:01:30,3375.88,100
2764,10:01:25,3375.415,100
2765,10:01:20,3375.535,200
2766,10:01:18,3376.0,200
2767,10:01:03,3374.6211,500
2768,10:01:00,3375.44,100
2769,10:00:59,3374.939,100
2770,10:00:52,3375.5,100
2771,10:00:47,3375.35,100
2772,10:00:47,3376.005,100
2773,10:00:38,3376.25,100
2774,10:00:24,3375.905,116
2775,10:00:21,3376.23,100
2776,10:00:18,3376.02,100
2777,10:00:18,3376.09,100
2778,10:00:18,3376.01,100
2779,10:00:18,3376.09,100
2780,10:00:18,3376.0,100
2781,10:00:18,3376.01,100
2782,10:00:18,3376.01,100
2783,10:00:13,3377.05,150
2784,10:00:10,3377.0478,405
2785,10:00:09,3377.0,250
2786,10:00:09,3376.15,100
2787,10:00:08,3376.11,100
2788,10:00:02,3376.0,129
2789,10:00:02,3375.672,115
2790,10:59:59,3366.87,100
2791,10:59:59,3366.87,100
2792,10:59:59,3367.0,100
2793,10:59:59,3366.87,200
2794,10:59:58,3367.81,100
2795,10:59:58,3367.65,100
2796,10:59:58,3367.67,100
2797,10:59:40,3366.9622,100
2798,10:59:33,3367.24,100
2799,10:59:19,3366.735,250
2800,10:58:57,3366.065,100
2801,10:58:57,3366.32,100
2802,10:58:46,3366.0,100
2803,10:58:32,3365.925,100
2804,10:58:25,3365.335,100
2805,10:58:24,3365.335,100
2806,10:58:22,3365.42,100
2807,10:58:22,3365.42,100
2808,10:58:16,3364.5749,200
2809,10:58:06,3365.03,100
2810,10:58:01,3365.036,100
2811,10:57:52,3364.2,100
2812,10:57:48,3363.92,150
2813,10:57:37,3364.2075,100
2814,10:57:17,3364.1,100
2815,10:57:10,3363.4087,377
2816,10:57:10,3363.31,100
2817,10:57:10,3363.35,100
2818,10:57:10,3363.43,100
2819,10:57:04,3363.37,100
2820,10:56:57,3363.8495,100
2821,10:56:34,3363.51,100
2822,10:56:33,3363.61,100
2823,10:56:09,3363.99,100
2824,10:56:09,3364.0,100
2825,10:56:05,3363.7533,150
2826,10:56:03,3363.6596,200
2827,10:55:34,3363.9555,165
2828,10:55:29,3364.1999,300
2829,10:55:24,3364.12,125
2830,10:55:24,3363.6981,208
2831,10:55:24,3364.0,100
2832,10:55:24,3363.99,100
2833,10:55:24,3363.09,100
2834,10:55:09,3364.0,352
2835,10:55:09,3363.8,100
2836,10:55:04,3364.325,200
2837,10:54:55,3364.58,100
2838,10:54:55,3364.65,100
2839,10:54:55,3364.815,100
2840,10:54:55,3365.0,100
2841,10:54:52,3364.37,100
2842,10:54:52,3364.37,100
2843,10:54:52,3364.37,100
2844,10:54:52,3364.37,100
2845,10:54:52,3364.37,150
2846,10:54:52,3364.37,100
2847,10:54:52,3363.64,100
2848,10:54:52,3363.695,100
2849,10:54:52,3363.98,100
2850,10:54:52,3363.62,100
2851,10:54:52,3363.67,100
2852,10:54:42,3363.826,480
2853,10:54:42,3363.826,516
2854,10:54:39,3364.35,100
2855,10:54:39,3364.65,100
2856,10:54:39,3364.0,110
2857,10:54:36,3363.6099,100
2858,10:54:32,3363.0,205
2859,10:54:32,3363.01,135
2860,10:54:32,3363.01,121
2861,10:54:31,3362.9,100
2862,10:54:17,3362.005,100
2863,10:54:13,3361.46,100
2864,10:54:03,3361.535,100
2865,10:53:36,3360.72,124
2866,10:53:36,3360.35,100
2867,10:53:27,3360.5,101
2868,10:53:23,3360.0,100
2869,10:53:17,3359.6832,100
2870,10:53:05,3360.33,100
2871,10:53:01,3358.51,100
2872,10:53:01,3358.52,200
2873,10:53:01,3358.505,222
2874,10:52:46,3357.87,500
2875,10:52:30,3357.9499,100
2876,10:52:02,3357.4048,540
2877,10:51:47,3357.1217,150
2878,10:51:34,3356.5,200
2879,10:51:06,3356.355,150
2880,10:50:57,3355.97,100
2881,10:50:39,3355.99,100
2882,10:50:21,3356.31,100
2883,10:50:09,3356.105,100
2884,10:49:34,3356.975,100
2885,10:49:05,3356.735,100
2886,10:49:05,3356.74,100
2887,10:48:58,3355.4922,100
2888,10:48:47,3355.1274,153
2889,10:48:18,3355.38,234
2890,10:48:18,3355.39,100
2891,10:48:18,3355.39,100
2892,10:48:18,3355.05,100
2893,10:48:16,3353.71,100
2894,10:48:16,3353.8,100
2895,10:48:13,3353.94,100
2896,10:48:00,3355.95,100
2897,10:48:00,3355.95,100
2898,10:47:36,3355.86,150
2899,10:47:23,3356.67,125
2900,10:47:17,3356.29,100
2901,10:47:14,3356.4,100
2902,10:47:14,3356.4,100
2903,10:47:14,3357.09,100
2904,10:47:14,3357.012,200
2905,10:47:11,3357.46,100
2906,10:46:30,3358.045,100
2907,10:46:30,3358.13,100
2908,10:46:22,3357.69,250
2909,10:46:07,3356.01,100
2910,10:46:07,3356.01,100
2911,10:46:07,3356.0,200
2912,10:46:07,3356.0,100
2913,10:46:07,3356.51,100
2914,10:46:03,3357.6,100
2915,10:45:46,3357.5,100
2916,10:45:32,3358.5459,110
2917,10:45:12,3357.75,493
2918,10:45:12,3357.75,100
2919,10:45:02,3358.56,100
2920,10:45:01,3359.26,140
2921,10:44:58,3359.0,400
2922,10:44:47,3357.97,100
2923,10:44:28,3358.625,100
2924,10:44:17,3358.55,100
2925,10:44:01,3358.38,100
2926,10:43:50,3358.23,100
2927,10:43:33,3358.98,100
2928,10:43:27,3358.9,100
2929,10:43:17,3358.4016,278
2930,10:42:28,3359.45,100
2931,10:41:15,3360.425,100
2932,10:41:00,3360.58,200
2933,10:41:00,3360.81,100
2934,10:40:56,3361.73,100
2935,10:40:45,3361.8575,100
2936,10:40:27,3361.71,100
2937,10:40:27,3361.71,100
2938,10:40:17,3361.884,100
2939,10:40:15,3361.655,100
2940,10:40:14,3361.18,100
2941,10:40:11,3361.55,100
2942,10:40:11,3361.485,100
2943,10:40:06,3361.485,100
2944,10:40:03,3360.88,100
2945,10:39:47,3360.99,200
2946,10:39:32,3360.74,100
2947,10:39:32,3360.99,100
2948,10:39:32,3360.71,100
2949,10:39:32,3360.75,100
2950,10:39:25,3360.665,600
2951,10:39:05,3361.17,100
2952,10:38:56,3360.51,100
2953,10:38:50,3360.225,100
2954,10:38:49,3360.24,100
2955,10:38:49,3360.1,100
2956,10:38:49,3359.92,100
2957,10:38:49,3359.59,100
2958,10:38:49,3359.59,100
2959,10:38:46,3359.9,100
2960,10:38:35,3359.44,100
2961,10:38:35,3359.26,100
2962,10:38:27,3359.33,100
2963,10:38:26,3358.53,100
2964,10:38:08,3358.17,100
2965,10:38:02,3359.8562,102
2966,10:38:00,3358.55,100
2967,10:37:59,3357.935,100
2968,10:37:56,3358.22,100
2969,10:37:52,3358.17,100
2970,10:37:44,3357.745,150
2971,10:37:41,3357.75,100
2972,10:37:41,3357.9,100
2973,10:37:38,3357.99,300
2974,10:37:35,3357.01,100
2975,10:37:33,3357.97,100
2976,10:37:32,3357.75,123
2977,10:37:21,3357.25,100
2978,10:37:17,3358.04,100
2979,10:37:17,3358.16,200
2980,10:37:17,3358.04,100
2981,10:37:15,3358.87,100
2982,10:37:07,3358.0,159
2983,10:36:58,3359.44,100
2984,10:36:58,3359.44,100
2985,10:36:58,3359.49,100
2986,10:36:58,3359.45,100
2987,10:36:56,3360.3769,104
2988,10:36:26,3360.27,100
2989,10:36:26,3360.28,100
2990,10:36:26,3360.44,100
2991,10:36:24,3360.0,100
2992,10:36:19,3359.28,100
2993,10:36:12,3359.27,100
2994,10:36:12,3359.33,100
2995,10:36:04,3360.505,100
2996,10:36:04,3359.84,100
2997,10:36:04,3359.89,100
2998,10:36:04,3360.0,100
2999,10:36:04,3360.0,116
3000,10:35:53,3360.14,100
3001,10:35:38,3361.0,124
3002,10:35:37,3361.47,100
3003,10:35:29,3362.32,132
3004,10:35:22,3361.745,100
3005,10:35:17,3361.675,500
3006,10:35:05,3361.55,100
3007,10:35:05,3361.58,100
3008,10:35:05,3361.59,100
3009,10:35:04,3362.355,100
3010,10:34:58,3362.39,100
3011,10:34:51,3362.17,100
3012,10:34:51,3362.05,100
3013,10:33:20,3364.0,100
3014,10:32:53,3365.07,100
3015,10:32:49,3365.0,100
3016,10:32:49,3365.1,100
3017,10:32:42,3365.335,100
3018,10:32:35,3365.0,200
3019,10:32:29,3365.11,100
3020,10:32:24,3365.269,250
3021,10:32:23,3365.495,100
3022,10:32:23,3365.495,100
3023,10:32:23,3365.495,100
3024,10:32:23,3365.495,100
3025,10:32:23,3365.495,100
3026,10:32:23,3365.495,100
3027,10:32:23,3365.59,100
3028,10:32:20,3365.24,100
3029,10:32:20,3365.24,100
3030,10:32:14,3366.525,200
3031,10:32:11,3367.12,100
3032,10:32:11,3367.11,100
3033,10:32:10,3367.02,100
3034,10:32:10,3367.02,100
3035,10:32:10,3367.625,100
3036,10:32:10,3367.69,100
3037,10:31:55,3367.63,100
3038,10:31:35,3366.81,100
3039,10:31:07,3366.4,100
3040,10:31:03,3366.37,100
3041,10:30:50,3366.755,150
3042,10:30:47,3364.78,100
3043,10:30:43,3364.11,100
3044,10:30:43,3364.76,100
3045,10:30:43,3364.5,891
3046,10:30:43,3364.49,100
3047,10:30:16,3364.37,100
3048,10:30:15,3364.4,100
3049,10:30:12,3364.835,150
3050,10:30:11,3364.5,100
3051,10:30:11,3364.5,100
3052,10:30:11,3364.51,107
3053,11:29:18,3365.5087,100
3054,11:28:47,3365.09,100
3055,11:28:39,3365.185,100
3056,11:28:39,3365.12,100
3057,11:28:18,3365.73,100
3058,11:27:44,3365.265,100
3059,11:27:09,3363.8879,100
3060,11:26:58,3363.63,100
3061,11:26:24,3363.62,100
3062,11:26:10,3363.0201,100
3063,11:25:56,3363.505,100
3064,11:25:38,3363.75,100
3065,11:25:24,3363.72,100
3066,11:25:11,3364.2577,123
3067,11:25:06,3363.81,100
3068,11:23:21,3364.48,100
3069,11:22:51,3365.58,100
3070,11:22:24,3364.54,100
3071,11:21:55,3366.335,100
3072,11:21:55,3365.68,188
3073,11:21:30,3365.96,100
3074,11:21:30,3365.96,100
3075,11:21:30,3365.9699,100
3076,11:21:05,3366.1,100
3077,11:20:46,3367.33,100
3078,11:20:43,3366.7091,100
3079,11:20:21,3366.4,100
3080,11:20:12,3365.95,100
3081,11:19:27,3366.0,100
3082,11:18:53,3366.0,100
3083,11:18:12,3367.11,100
3084,11:17:40,3367.45,100
3085,11:17:21,3367.45,100
3086,11:17:19,3367.29,125
3087,11:17:19,3367.27,100
3088,11:17:19,3367.24,100
3089,11:17:17,3366.64,100
3090,11:17:15,3366.66,100
3091,11:15:00,3365.0,207
3092,11:14:08,3363.685,100
3093,11:12:48,3364.33,100
3094,11:12:32,3363.1,100
3095,11:11:28,3360.1459,100
3096,11:11:27,3360.51,100
3097,11:10:44,3360.61,100
3098,11:10:07,3359.77,100
3099,11:09:06,3360.1,1300
3100,11:08:01,3362.1,390
3101,11:07:32,3361.9501,100
3102,11:07:25,3362.51,100
3103,11:07:18,3363.11,100
3104,11:06:05,3362.78,100
3105,11:06:05,3363.085,100
3106,11:05:50,3362.3579,175
3107,11:05:44,3361.76,100
3108,11:05:35,3361.47,100
3109,11:05:13,3362.25,100
3110,11:05:07,3361.6825,115
3111,11:04:57,3362.98,100
3112,11:04:57,3362.51,100
3113,11:04:57,3362.51,100
3114,11:04:51,3362.67,200
3115,11:04:31,3363.96,100
3116,11:04:14,3363.69,150
3117,11:04:08,3363.88,100
3118,11:04:08,3364.02,100
3119,11:03:41,3364.846,109
3120,11:03:40,3365.36,100
3121,11:03:37,3364.97,100
3122,11:03:29,3365.51,200
3123,11:03:29,3365.99,178
3124,11:02:59,3365.9983,150
3125,11:02:40,3365.8199,100
3126,11:02:34,3365.67,100
3127,11:02:20,3365.625,100
3128,11:02:14,3364.5236,141
3129,11:02:14,3364.5236,251
3130,11:02:14,3365.101,100
3131,11:02:08,3365.525,200
3132,11:02:08,3365.5263,800
3133,11:02:06,3365.09,100
3134,11:02:05,3365.4575,100
3135,11:02:02,3365.43,100
3136,11:02:02,3365.0,800
3137,11:01:48,3366.23,100
3138,11:01:47,3366.33,100
3139,11:01:13,3366.86,100
3140,11:01:13,3366.86,100
3141,11:01:01,3367.46,100
3142,11:00:53,3366.54,100
3143,11:00:53,3366.54,100
3144,11:00:36,3367.2589,400
3145,11:00:32,3367.431,100
3146,11:00:19,3367.03,134
3147,11:00:02,3367.49,100
3148,11:00:02,3367.5,125
3149,11:00:02,3367.5,100
3150,11:00:02,3367.48,100
3151,11:00:01,3366.99,100
3152,11:58:34,3368.87,100
3153,11:58:31,3368.95,180
3154,11:57:56,3367.86,100
3155,11:57:53,3368.425,100
3156,11:57:13,3369.07,100
3157,11:56:28,3369.1,100
3158,11:55:41,3368.9817,296
3159,11:55:41,3368.9817,234
3160,11:55:41,3368.98,100
3161,11:55:22,3369.05,100
3162,11:55:13,3370.0,172
3163,11:55:08,3370.03,100
3164,11:54:42,3370.0,210
3165,11:54:23,3370.0,170
3166,11:53:44,3369.565,100
3167,11:53:25,3369.7984,101
3168,11:53:15,3369.53,300
3169,11:53:15,3369.8,100
3170,11:53:04,3369.235,100
3171,11:53:04,3369.5,100
3172,11:52:06,3368.56,100
3173,11:52:06,3368.59,100
3174,11:51:54,3369.0376,150
3175,11:51:47,3367.82,100
3176,11:51:22,3367.77,100
3177,11:50:49,3367.24,100
3178,11:50:27,3367.68,100
3179,11:50:24,3367.24,100
3180,11:50:12,3368.17,100
3181,11:50:05,3368.6,100
3182,11:50:02,3368.62,162
3183,11:50:00,3368.13,100
3184,11:50:00,3367.82,100
3185,11:49:51,3367.9,100
3186,11:49:45,3368.235,100
3187,11:49:45,3368.235,100
3188,11:49:41,3368.96,100
3189,11:49:41,3368.975,100
3190,11:49:41,3368.93,100
3191,11:49:40,3368.0,100
3192,11:49:36,3368.04,100
3193,11:49:36,3368.04,100
3194,11:49:34,3369.004,100
3195,11:49:23,3368.57,100
3196,11:49:23,3368.0,100
3197,11:49:23,3368.0,100
3198,11:49:23,3368.0,100
3199,11:49:21,3367.8,100
3200,11:49:21,3367.76,100
3201,11:49:21,3367.57,100
3202,11:49:21,3367.0,894
3203,11:49:17,3366.635,100
3204,11:49:17,3366.635,100
3205,11:48:57,3365.99,100
3206,11:48:31,3365.9,100
3207,11:47:59,3365.14,100
3208,11:47:58,3364.18,100
3209,11:47:51,3365.155,100
3210,11:47:48,3364.9,100
3211,11:47:30,3365.02,100
3212,11:47:26,3364.18,100
3213,11:46:53,3365.04,100
3214,11:46:38,3364.18,100
3215,11:45:37,3364.03,100
3216,11:45:21,3364.37,100
3217,11:45:21,3364.7,100
3218,11:45:21,3365.025,100
3219,11:45:01,3364.55,100
3220,11:45:00,3364.785,100
3221,11:45:00,3365.45,100
3222,11:44:17,3364.91,100
3223,11:44:06,3364.36,100
3224,11:43:28,3364.48,100
3225,11:43:26,3363.8,100
3226,11:42:58,3363.61,100
3227,11:42:19,3363.99,100
3228,11:42:19,3363.91,100
3229,11:42:19,3363.51,100
3230,11:42:12,3362.59,100
3231,11:41:45,3362.04,100
3232,11:41:21,3363.335,100
3233,11:40:50,3363.265,100
3234,11:40:37,3362.07,100
3235,11:40:21,3364.5359,101
3236,11:39:46,3363.92,100
3237,11:39:03,3364.44,100
3238,11:39:00,3363.49,100
3239,11:38:48,3362.9,100
3240,11:38:34,3363.5,100
3241,11:38:00,3363.3,100
3242,11:37:56,3362.5917,400
3243,11:37:46,3362.775,100
3244,11:37:39,3362.3301,100
3245,11:37:38,3362.668,100
3246,11:37:38,3363.16,100
3247,11:37:38,3362.328,100
3248,11:37:38,3362.73,100
3249,11:37:21,3363.0,131
3250,11:37:21,3363.07,100
3251,11:37:21,3363.05,100
3252,11:37:21,3363.04,100
3253,11:37:21,3363.03,100
3254,11:36:36,3363.75,184
3255,11:36:33,3364.25,100
3256,11:36:22,3364.3,400
3257,11:36:10,3364.5,100
3258,11:36:10,3364.5,100
3259,11:35:17,3367.0,100
3260,11:35:09,3366.8555,221
3261,11:35:07,3366.87,100
3262,11:35:07,3366.87,100
3263,11:35:07,3366.27,100
3264,11:35:00,3364.8,100
3265,11:34:56,3364.53,100
3266,11:34:01,3366.16,122
3267,11:34:01,3365.99,100
3268,11:34:01,3365.972,100
3269,11:34:01,3365.98,285
3270,11:33:27,3366.39,100
3271,11:32:47,3365.5,100
3272,11:31:34,3365.13,100
3273,11:31:24,3365.31,100
3274,11:31:19,3364.5,100
3275,12:29:42,3367.74,100
3276,12:29:37,3367.745,100
3277,12:29:31,3367.75,100
3278,12:29:31,3367.745,100
3279,12:29:30,3367.72,100
3280,12:29:25,3367.7225,100
3281,12:29:21,3367.1175,100
3282,12:29:15,3367.8,100
3283,12:29:13,3367.75,100
3284,12:29:13,3367.78,200
3285,12:29:13,3367.81,100
3286,12:29:13,3367.7,100
3287,12:29:13,3367.74,100
3288,12:29:13,3367.76,100
3289,12:29:01,3367.93,100
3290,12:28:59,3367.77,100
3291,12:28:59,3367.77,100
3292,12:28:59,3367.7,100
3293,12:28:33,3367.7,100
3294,12:27:50,3368.295,100
3295,12:27:29,3368.37,130
3296,12:27:28,3368.825,100
3297,12:26:37,3368.2675,100
3298,12:26:26,3368.64,100
3299,12:26:12,3367.22,100
3300,12:25:42,3367.09,100
3301,12:25:41,3366.54,100
3302,12:25:30,3366.2725,150
3303,12:24:58,3366.54,260
3304,12:24:56,3365.48,100
3305,12:24:56,3365.48,100
3306,12:24:56,3365.66,100
3307,12:24:56,3365.67,100
3308,12:24:56,3365.67,100
3309,12:24:56,3366.02,100
3310,12:24:56,3366.02,100
3311,12:24:50,3365.45,100
3312,12:24:49,3366.54,140
3313,12:24:38,3366.42,100
3314,12:24:25,3365.45,100
3315,12:23:51,3366.11,100
3316,12:23:46,3366.59,196
3317,12:23:22,3366.04,100
3318,12:22:09,3367.5249,300
3319,12:20:59,3366.706,100
3320,12:20:59,3366.682,100
3321,12:20:59,3367.1194,255
3322,12:20:50,3366.58,100
3323,12:20:47,3366.57,100
3324,12:20:47,3366.565,100
3325,12:20:47,3365.77,100
3326,12:20:46,3366.81,100
3327,12:20:46,3366.81,100
3328,12:20:40,3367.5,121
3329,12:20:20,3367.02,600
3330,12:20:18,3367.24,100
3331,12:19:54,3367.91,100
3332,12:19:41,3367.52,100
3333,12:19:18,3367.0,100
3334,12:19:18,3366.9999,100
3335,12:18:14,3365.69,100
3336,12:18:09,3367.23,100
3337,12:18:00,3367.39,100
3338,12:17:40,3367.7264,114
3339,12:17:39,3367.62,100
3340,12:17:16,3366.8952,100
3341,12:17:15,3367.2,100
3342,12:17:08,3367.575,100
3343,12:17:06,3367.46,100
3344,12:17:02,3367.43,100
3345,12:17:02,3367.2,100
3346,12:17:02,3366.01,200
3347,12:17:01,3367.32,100
3348,12:17:01,3367.24,100
3349,12:17:00,3367.25,100
3350,12:17:00,3367.2,100
3351,12:16:55,3367.1989,100
3352,12:16:55,3367.614,288
3353,12:16:55,3367.2,100
3354,12:16:53,3367.06,100
3355,12:15:49,3365.65,100
3356,12:15:48,3365.64,100
3357,12:15:45,3366.0,900
3358,12:15:27,3366.675,100
3359,12:15:16,3366.78,125
3360,12:15:08,3367.53,100
3361,12:15:08,3366.958,100
3362,12:15:04,3367.12,100
3363,12:15:04,3367.39,120
3364,12:15:03,3367.2,100
3365,12:15:03,3367.21,100
3366,12:15:03,3367.2,100
3367,12:15:01,3367.58,120
3368,12:15:01,3367.21,200
3369,12:14:45,3366.85,100
3370,12:14:40,3367.205,100
3371,12:14:38,3367.4384,100
3372,12:14:14,3366.75,100
3373,12:13:17,3367.04,100
3374,12:12:55,3367.1901,100
3375,12:12:41,3367.22,100
3376,12:12:11,3367.32,100
3377,12:10:56,3367.005,100
3378,12:10:51,3366.62,100
3379,12:10:29,3368.32,100
3380,12:10:29,3368.36,100
3381,12:10:20,3368.435,100
3382,12:10:04,3368.15,100
3383,12:09:44,3370.29,100
3384,12:09:37,3369.645,100
3385,12:09:14,3369.73,180
3386,12:09:06,3368.67,100
3387,12:08:49,3368.405,100
3388,12:08:32,3367.935,100
3389,12:08:32,3368.18,100
3390,12:08:32,3368.01,100
3391,12:08:32,3368.32,100
3392,12:08:28,3368.32,100
3393,12:08:22,3368.32,100
3394,12:08:20,3368.32,100
3395,12:07:28,3368.73,100
3396,12:07:15,3368.75,100
3397,12:07:14,3368.78,200
3398,12:07:00,3368.78,100
3399,12:06:58,3368.85,100
3400,12:06:58,3368.86,102
3401,12:06:58,3368.86,100
3402,12:05:49,3367.2737,100
3403,12:05:43,3366.3494,100
3404,12:05:39,3367.03,100
3405,12:05:31,3368.01,163
3406,12:05:31,3368.24,100
3407,12:05:31,3367.93,100
3408,12:05:31,3367.94,100
3409,12:05:02,3368.17,100
3410,12:04:50,3368.14,100
3411,12:04:44,3368.8233,100
3412,12:04:31,3367.7169,100
3413,12:04:13,3368.285,100
3414,12:04:06,3368.87,100
3415,12:03:34,3366.7699,500
3416,12:03:34,3366.7699,100
3417,12:03:26,3366.28,100
3418,12:03:06,3365.94,100
3419,12:02:50,3366.64,100
3420,12:02:50,3367.07,100
3421,12:02:31,3367.165,100
3422,12:02:23,3367.6,100
3423,12:01:59,3367.795,100
3424,12:59:14,3366.31,100
3425,12:59:08,3365.84,100
3426,12:58:08,3365.99,100
3427,12:56:41,3367.305,100
3428,12:56:04,3367.04,1000
3429,12:56:01,3366.72,100
3430,12:56:01,3366.71,100
3431,12:56:01,3366.65,100
3432,12:55:18,3366.5975,100
3433,12:55:17,3366.605,100
3434,12:53:39,3365.9857,250
3435,12:53:29,3366.7337,100
3436,12:53:22,3366.96,100
3437,12:53:00,3366.59,200
3438,12:53:00,3366.65,100
3439,12:52:59,3364.7301,100
3440,12:52:43,3367.0,800
3441,12:52:43,3366.72,100
3442,12:52:43,3366.83,100
3443,12:52:43,3366.59,100
3444,12:52:43,3366.59,100
3445,12:52:43,3366.655,100
3446,12:52:43,3366.59,100
3447,12:52:43,3366.95,148
3448,12:52:23,3366.47,100
3449,12:51:59,3366.47,100
3450,12:50:45,3365.925,100
3451,12:50:11,3365.72,200
3452,12:49:11,3365.36,100
3453,12:48:28,3366.4767,123
3454,12:48:03,3365.55,100
3455,12:47:34,3365.34,100
3456,12:47:34,3364.38,100
3457,12:47:26,3364.12,100
3458,12:47:26,3364.13,100
3459,12:47:26,3364.13,100
3460,12:47:26,3364.3,100
3461,12:47:26,3365.0,100
3462,12:47:26,3365.0,100
3463,12:47:10,3365.975,100
3464,12:47:08,3365.975,100
3465,12:46:29,3366.44,100
3466,12:46:18,3366.38,100
3467,12:44:16,3366.87,100
3468,12:43:58,3366.36,100
3469,12:42:24,3366.96,100
3470,12:40:42,3366.63,100
3471,12:39:58,3366.0,100
3472,12:39:57,3367.09,100
3473,12:39:56,3367.155,100
3474,12:39:56,3366.95,100
3475,12:39:56,3366.97,100
3476,12:39:56,3366.495,100
3477,12:39:38,3366.57,100
3478,12:39:32,3366.0,100
3479,12:39:26,3366.625,100
3480,12:39:08,3366.6,100
3481,12:39:04,3367.1,100
3482,12:38:56,3367.425,100
3483,12:38:56,3367.83,100
3484,12:38:21,3367.37,100
3485,12:38:21,3367.5,100
3486,12:37:08,3367.58,100
3487,12:37:07,3367.6,100
3488,12:37:07,3367.61,100
3489,12:36:47,3368.19,100
3490,12:36:47,3368.2,100
3491,12:36:42,3367.62,174
3492,12:36:09,3367.44,100
3493,12:35:39,3368.22,100
3494,12:35:13,3367.57,100
3495,12:34:51,3367.755,100
3496,12:34:49,3368.53,100
3497,12:34:48,3368.54,100
3498,12:34:38,3368.54,100
3499,12:33:14,3366.8,100
3500,12:33:03,3366.8,100
3501,12:32:51,3367.0,100
3502,12:32:39,3367.0,100
3503,12:32:12,3366.0,100
3504,12:32:02,3367.72,100
3505,12:31:53,3366.9,100
3506,12:31:53,3366.99,100
3507,12:31:52,3366.93,100
3508,12:31:46,3366.755,100
3509,12:31:46,3366.86,100
3510,12:31:46,3366.91,100
3511,12:31:46,3366.91,100
3512,12:31:46,3366.91,100
3513,12:31:46,3366.91,100
3514,12:31:46,3366.91,100
3515,12:31:46,3366.91,100
3516,12:31:46,3366.91,100
3517,12:31:46,3366.91,100
3518,12:31:46,3366.6,100
3519,12:31:46,3366.8,100
3520,12:31:46,3366.62,100
3521,12:31:46,3366.765,100
3522,12:31:30,3366.275,100
3523,12:31:28,3365.92,100
3524,12:30:43,3366.45,100
3525,13:29:46,3362.99,100
3526,13:29:24,3363.02,100
3527,13:29:14,3364.16,100
3528,13:29:10,3363.8,100
3529,13:28:51,3363.84,100
3530,13:28:42,3362.93,100
3531,13:28:11,3362.095,100
3532,13:27:12,3363.33,100
3533,13:26:57,3364.09,100
3534,13:26:53,3364.4928,200
3535,13:25:48,3363.205,100
3536,13:25:46,3362.7,100
3537,13:22:58,3363.0,634
3538,13:22:57,3363.0,109
3539,13:22:56,3363.02,100
3540,13:22:16,3363.64,100
3541,13:21:17,3363.29,100
3542,13:21:17,3362.8,100
3543,13:21:15,3362.52,100
3544,13:21:00,3362.46,100
3545,13:20:41,3361.55,100
3546,13:20:40,3361.58,100
3547,13:20:40,3361.58,100
3548,13:20:40,3361.5505,200
3549,13:20:40,3361.7804,400
3550,13:20:40,3361.5538,100
3551,13:20:40,3361.6,100
3552,13:20:40,3361.58,100
3553,13:20:40,3361.69,100
3554,13:20:40,3361.58,100
3555,13:20:40,3361.58,100
3556,13:20:00,3362.0,100
3557,13:18:22,3363.355,100
3558,13:18:22,3363.14,100
3559,13:17:25,3362.69,200
3560,13:17:13,3362.75,112
3561,13:16:54,3363.37,100
3562,13:16:48,3363.225,100
3563,13:16:31,3363.77,100
3564,13:16:30,3364.0,100
3565,13:16:29,3364.1,100
3566,13:16:28,3364.4582,100
3567,13:16:21,3364.88,100
3568,13:16:21,3364.99,188
3569,13:16:06,3365.04,100
3570,13:14:37,3365.2199,100
3571,13:14:23,3364.95,100
3572,13:14:22,3365.2,100
3573,13:14:04,3365.91,100
3574,13:13:54,3365.685,100
3575,13:13:31,3365.8427,147
3576,13:12:49,3365.68,100
3577,13:11:54,3365.85,100
3578,13:11:20,3366.07,100
3579,13:11:13,3366.225,100
3580,13:10:57,3365.695,100
3581,13:10:56,3365.645,100
3582,13:09:31,3365.72,100
3583,13:09:04,3366.0325,100
3584,13:08:15,3366.33,100
3585,13:08:15,3366.33,100
3586,13:08:01,3366.11,100
3587,13:08:01,3366.68,100
3588,13:08:01,3366.085,100
3589,13:08:01,3366.0,100
3590,13:07:04,3366.0,100
3591,13:07:00,3366.0,100
3592,13:06:35,3365.53,100
3593,13:06:33,3365.54,100
3594,13:06:26,3366.24,100
3595,13:06:18,3366.37,100
3596,13:06:16,3366.37,100
3597,13:06:05,3366.48,100
3598,13:05:57,3366.47,100
3599,13:04:53,3365.44,100
3600,13:04:13,3366.0,117
3601,13:04:13,3366.12,100
3602,13:03:58,3366.13,100
3603,13:03:58,3368.2,100
3604,13:03:58,3367.85,100
3605,13:03:58,3367.85,100
3606,13:03:58,3367.67,100
3607,13:03:58,3367.66,100
3608,13:03:58,3367.65,100
3609,13:03:26,3368.38,100
3610,13:03:15,3368.35,100
3611,13:02:20,3367.4315,172
3612,13:02:16,3368.0,100
3613,13:01:36,3366.59,100
3614,13:01:35,3367.42,100
3615,13:01:03,3366.23,100
3616,13:59:30,3366.83,100
3617,13:59:22,3367.415,100
3618,13:58:25,3367.2,100
3619,13:57:27,3365.465,200
3620,13:57:20,3365.27,200
3621,13:57:20,3365.03,100
3622,13:57:20,3365.03,100
3623,13:57:20,3365.48,100
3624,13:57:20,3365.25,200
3625,13:57:20,3365.21,100
3626,13:56:02,3366.55,121
3627,13:55:55,3366.0,100
3628,13:53:37,3366.62,100
3629,13:53:16,3366.94,100
3630,13:53:15,3367.51,100
3631,13:52:24,3366.52,100
3632,13:52:00,3366.84,100
3633,13:52:00,3366.845,100
3634,13:51:41,3367.4,100
3635,13:51:40,3367.41,100
3636,13:51:40,3367.41,100
3637,13:51:39,3367.62,100
3638,13:51:39,3367.95,100
3639,13:51:31,3367.855,100
3640,13:51:31,3367.855,100
3641,13:51:29,3367.855,100
3642,13:51:28,3368.58,1000
3643,13:51:27,3368.505,100
3644,13:51:26,3368.49,100
3645,13:50:38,3368.71,100
3646,13:50:15,3368.96,100
3647,13:49:17,3368.37,100
3648,13:48:51,3368.755,1000
3649,13:48:44,3368.88,100
3650,13:48:39,3369.15,100
3651,13:48:16,3368.5136,500
3652,13:48:14,3368.055,100
3653,13:48:10,3368.0,200
3654,13:47:35,3368.0,234
3655,13:46:47,3367.26,100
3656,13:46:47,3366.57,100
3657,13:45:55,3365.2501,100
3658,13:45:01,3365.43,100
3659,13:45:00,3365.38,100
3660,13:44:14,3365.98,100
3661,13:44:13,3365.8217,162
3662,13:43:41,3365.62,100
3663,13:43:41,3366.085,100
3664,13:42:37,3365.5404,100
3665,13:42:32,3365.93,100
3666,13:38:18,3365.21,100
3667,13:38:13,3365.2,225
3668,13:37:49,3364.67,100
3669,13:37:32,3364.35,100
3670,13:36:59,3364.305,100
3671,13:34:43,3364.7,100
3672,13:34:42,3364.52,301
3673,13:34:24,3363.91,100
3674,13:32:57,3363.84,100
3675,13:31:52,3363.59,100
3676,13:30:41,3364.0,135
3677,14:29:39,3363.025,100
3678,14:29:39,3363.045,100
3679,14:29:32,3363.73,100
3680,14:29:32,3363.0,100
3681,14:29:31,3363.191,100
3682,14:29:31,3363.0035,100
3683,14:29:31,3362.335,100
3684,14:29:31,3362.26,100
3685,14:29:31,3363.29,100
3686,14:27:55,3364.41,100
3687,14:27:51,3363.71,100
3688,14:27:51,3363.8,100
3689,14:27:51,3363.615,100
3690,14:27:18,3365.175,100
3691,14:27:08,3365.06,100
3692,14:27:08,3365.06,100
3693,14:26:39,3365.02,100
3694,14:26:27,3365.0,100
3695,14:26:25,3365.0,100
3696,14:25:59,3364.535,100
3697,14:25:44,3364.94,100
3698,14:25:44,3365.445,100
3699,14:25:42,3364.87,100
3700,14:25:35,3364.68,100
3701,14:25:27,3365.04,100
3702,14:25:27,3365.385,100
3703,14:25:27,3365.23,300
3704,14:25:09,3365.455,100
3705,14:25:08,3365.455,100
3706,14:24:16,3365.98,100
3707,14:23:31,3366.405,194
3708,14:22:40,3366.45,128
3709,14:22:33,3366.33,100
3710,14:22:04,3367.01,150
3711,14:22:04,3367.195,100
3712,14:22:01,3367.37,100
3713,14:21:34,3367.38,148
3714,14:21:16,3367.675,100
3715,14:20:57,3368.19,100
3716,14:20:06,3368.04,228
3717,14:19:20,3367.7019,104
3718,14:19:18,3366.9758,332
3719,14:18:30,3369.09,100
3720,14:18:01,3368.5147,100
3721,14:17:49,3369.0545,180
3722,14:17:47,3368.885,100
3723,14:17:46,3369.17,100
3724,14:17:46,3369.11,100
3725,14:17:45,3369.55,100
3726,14:17:45,3369.25,100
3727,14:17:45,3369.19,100
3728,14:17:45,3368.87,249
3729,14:17:44,3368.87,100
3730,14:17:44,3368.87,117
3731,14:17:44,3368.82,100
3732,14:17:44,3368.83,100
3733,14:17:14,3368.87,100
3734,14:16:46,3368.0,100
3735,14:16:46,3368.0,100
3736,14:15:52,3368.0693,100
3737,14:15:39,3367.56,100
3738,14:15:30,3368.0,100
3739,14:14:48,3367.22,100
3740,14:14:22,3366.74,100
3741,14:14:18,3366.73,100
3742,14:14:07,3366.2,100
3743,14:13:07,3367.5248,100
3744,14:12:50,3366.7002,100
3745,14:12:18,3366.51,100
3746,14:09:17,3367.98,100
3747,14:08:54,3367.48,100
3748,14:08:33,3367.69,100
3749,14:08:09,3367.43,100
3750,14:06:42,3368.0,100
3751,14:06:28,3368.32,100
3752,14:06:28,3368.27,100
3753,14:06:18,3368.64,100
3754,14:05:36,3368.28,100
3755,14:05:27,3368.02,100
3756,14:05:22,3367.97,100
3757,14:05:16,3367.94,100
3758,14:04:37,3367.6992,100
3759,14:03:27,3367.93,100
3760,14:03:24,3366.78,100
3761,14:02:14,3367.88,100
3762,14:59:53,3359.815,356
3763,14:59:07,3360.115,100
3764,14:58:21,3359.565,117
3765,14:58:21,3359.565,851
3766,14:58:10,3359.17,100
3767,14:57:38,3359.16,100
3768,14:57:38,3359.535,722
3769,14:57:38,3359.17,100
3770,14:57:18,3359.4277,100
3771,14:57:14,3360.17,100
3772,14:57:13,3359.96,100
3773,14:56:36,3359.275,200
3774,14:55:52,3360.2,200
3775,14:55:32,3360.345,100
3776,14:55:25,3360.49,100
3777,14:54:57,3361.49,100
3778,14:54:57,3361.49,100
3779,14:54:43,3360.79,100
3780,14:54:43,3360.66,100
3781,14:54:34,3360.6926,893
3782,14:54:29,3359.67,100
3783,14:54:29,3359.75,100
3784,14:54:14,3359.0,134
3785,14:54:14,3359.1094,300
3786,14:54:13,3359.01,100
3787,14:54:13,3359.01,100
3788,14:54:13,3359.01,100
3789,14:54:00,3359.83,100
3790,14:53:53,3359.04,100
3791,14:53:53,3359.8,100
3792,14:53:53,3359.11,100
3793,14:53:53,3359.07,100
3794,14:53:53,3360.05,100
3795,14:53:53,3360.12,100
3796,14:53:52,3359.0,100
3797,14:53:39,3360.0,100
3798,14:53:37,3360.27,100
3799,14:53:37,3360.14,127
3800,14:53:37,3360.444,100
3801,14:53:37,3360.49,100
3802,14:53:15,3360.56,201
3803,14:53:01,3361.02,200
3804,14:52:59,3361.0,100
3805,14:52:59,3361.025,100
3806,14:52:58,3360.56,159
3807,14:52:58,3360.56,250
3808,14:52:52,3360.56,100
3809,14:52:52,3360.56,300
3810,14:52:43,3361.5199,100
3811,14:52:32,3361.0,100
3812,14:52:28,3361.1639,100
3813,14:52:20,3361.74,446
3814,14:52:15,3361.585,181
3815,14:51:55,3361.87,100
3816,14:51:38,3361.55,340
3817,14:51:35,3361.715,100
3818,14:51:33,3361.75,100
3819,14:51:24,3361.55,100
3820,14:51:24,3361.61,100
3821,14:51:22,3361.505,100
3822,14:51:16,3361.5,100
3823,14:51:16,3361.725,100
3824,14:51:02,3361.06,200
3825,14:50:37,3361.4,100
3826,14:50:26,3361.4812,135
3827,14:49:54,3361.49,200
3828,14:49:50,3361.26,100
3829,14:49:50,3361.9098,150
3830,14:49:37,3361.49,100
3831,14:49:36,3361.49,125
3832,14:49:20,3361.294,250
3833,14:49:02,3361.085,400
3834,14:48:44,3360.878,100
3835,14:48:44,3360.878,277
3836,14:48:44,3360.61,100
3837,14:48:44,3360.91,100
3838,14:48:38,3361.49,100
3839,14:48:38,3361.49,100
3840,14:48:32,3361.605,100
3841,14:47:50,3362.0817,239
3842,14:47:40,3361.66,100
3843,14:47:38,3361.7,100
3844,14:47:35,3362.536,100
3845,14:47:24,3361.57,200
3846,14:47:24,3361.57,200
3847,14:46:32,3361.88,100
3848,14:46:19,3362.7899,250
3849,14:46:16,3362.25,150
3850,14:46:00,3362.41,100
3851,14:45:49,3363.382,250
3852,14:45:23,3363.78,100
3853,14:45:04,3365.8953,113
3854,14:45:04,3365.8953,137
3855,14:44:49,3365.6292,250
3856,14:44:31,3365.465,100
3857,14:44:19,3365.9107,250
3858,14:43:58,3365.3151,100
3859,14:43:55,3365.01,100
3860,14:43:49,3364.4563,250
3861,14:43:41,3363.875,100
3862,14:42:08,3363.01,200
3863,14:41:31,3363.05,100
3864,14:40:45,3362.33,165
3865,14:40:25,3363.095,200
3866,14:40:04,3363.1,100
3867,14:39:55,3363.455,100
3868,14:39:37,3363.425,100
3869,14:39:30,3363.425,100
3870,14:39:14,3363.42,300
3871,14:39:10,3363.16,100
3872,14:39:09,3363.4675,100
3873,14:39:09,3363.7,100
3874,14:39:09,3363.35,100
3875,14:39:09,3363.8,100
3876,14:39:09,3363.662,100
3877,14:39:09,3363.11,100
3878,14:39:09,3363.12,100
3879,14:39:09,3363.776,100
3880,14:39:09,3363.684,100
3881,14:39:09,3363.4675,100
3882,14:39:09,3363.1,100
3883,14:39:09,3363.16,100
3884,14:38:57,3363.335,100
3885,14:38:27,3362.5074,100
3886,14:38:16,3363.155,100
3887,14:37:42,3363.18,100
3888,14:37:42,3362.775,100
3889,14:37:41,3362.47,100
3890,14:37:04,3363.305,100
3891,14:37:03,3362.955,100
3892,14:36:53,3363.1,100
3893,14:36:37,3363.2,100
3894,14:36:37,3363.2,100
3895,14:36:37,3364.365,100
3896,14:36:35,3363.37,100
3897,14:36:34,3363.515,100
3898,14:36:32,3363.66,100
3899,14:36:32,3363.66,100
3900,14:36:32,3364.06,100
3901,14:36:17,3364.89,100
3902,14:36:04,3365.24,100
3903,14:36:01,3365.635,100
3904,14:36:01,3365.63,100
3905,14:35:59,3365.32,100
3906,14:35:50,3365.675,100
3907,14:35:49,3366.1,101
3908,14:35:48,3366.055,100
3909,14:35:48,3366.005,101
3910,14:35:44,3366.005,101
3911,14:35:19,3366.08,100
3912,14:35:16,3366.2,119
3913,14:34:52,3365.96,100
3914,14:33:51,3365.5,150
3915,14:33:51,3365.5,100
3916,14:33:48,3365.22,100
3917,14:33:27,3364.45,100
3918,14:33:02,3365.09,100
3919,14:33:01,3364.72,100
3920,14:31:26,3364.6,100
3921,14:31:18,3364.7,100
3922,14:31:18,3364.725,100
3923,14:30:52,3364.0001,100
3924,15:29:57,3365.0,886
3925,15:29:57,3364.88,100
3926,15:29:50,3364.605,200
3927,15:29:34,3364.95,100
3928,15:29:32,3364.67,100
3929,15:29:32,3364.67,100
3930,15:29:29,3364.81,100
3931,15:28:11,3364.26,100
3932,15:28:07,3364.6855,150
3933,15:28:06,3364.88,100
3934,15:28:02,3364.17,100
3935,15:27:56,3364.68,100
3936,15:27:56,3364.15,100
3937,15:27:47,3364.905,100
3938,15:27:45,3363.995,100
3939,15:27:45,3363.935,100
3940,15:27:31,3364.255,100
3941,15:27:28,3363.46,100
3942,15:27:28,3363.35,100
3943,15:27:23,3363.5,100
3944,15:27:23,3363.6,100
3945,15:27:22,3363.92,100
3946,15:27:13,3363.0,100
3947,15:27:13,3363.0,1884
3948,15:26:54,3362.435,100
3949,15:26:16,3362.16,100
3950,15:25:44,3362.21,100
3951,15:25:44,3362.16,100
3952,15:25:41,3361.5341,200
3953,15:24:44,3361.67,100
3954,15:24:03,3361.285,100
3955,15:23:54,3360.0381,152
3956,15:23:40,3361.39,100
3957,15:22:06,3361.08,100
3958,15:22:01,3362.11,3600
3959,15:22:01,3362.11,273
3960,15:22:00,3361.7,100
3961,15:21:46,3362.06,100
3962,15:21:40,3361.395,100
3963,15:20:13,3360.85,200
3964,15:19:10,3360.07,100
3965,15:19:02,3360.39,100
3966,15:19:01,3360.825,500
3967,15:18:56,3361.37,100
3968,15:18:49,3360.36,100
3969,15:18:49,3360.36,100
3970,15:18:49,3360.36,100
3971,15:18:49,3360.38,100
3972,15:17:52,3361.02,100
3973,15:16:49,3360.885,377
3974,15:16:49,3360.885,100
3975,15:16:47,3360.795,297
3976,15:16:47,3360.795,100
3977,15:16:47,3360.795,100
3978,15:16:44,3360.795,377
3979,15:16:44,3360.795,102
3980,15:16:42,3360.795,500
3981,15:16:37,3361.14,100
3982,15:16:22,3360.86,100
