,NLS Time (ET),NLS Price,NLS Share Volume
0,09:59:54,3201.1726,100
1,09:59:01,3200.195,100
2,09:58:59,3199.93,100
3,09:58:43,3199.6,100
4,09:58:34,3200.32,114
5,09:58:24,3199.9,100
6,09:58:24,3199.95,100
7,09:58:24,3199.99,800
8,09:58:24,3199.99,100
9,09:58:24,3200.09,100
10,09:58:24,3200.01,100
11,09:58:24,3200.22,100
12,09:58:24,3200.21,100
13,09:58:24,3200.5,100
14,09:58:24,3201.28,100
15,09:58:22,3201.68,100
16,09:58:22,3201.51,100
17,09:58:21,3201.335,100
18,09:58:21,3201.45,100
19,09:58:21,3201.73,100
20,09:58:17,3201.45,200
21,09:58:11,3201.29,100
22,09:58:10,3201.29,100
23,09:58:10,3201.29,100
24,09:58:09,3202.5193,100
25,09:57:47,3202.12,314
26,09:57:37,3202.11,100
27,09:57:37,3202.44,149
28,09:57:36,3201.89,100
29,09:57:35,3203.0,100
30,09:57:24,3203.5421,150
31,09:57:24,3203.71,100
32,09:57:14,3204.0,100
33,09:57:09,3205.01,100
34,09:57:00,3204.465,100
35,09:56:59,3204.475,100
36,09:56:52,3204.18,100
37,09:56:39,3205.04,100
38,09:56:32,3204.62,100
39,09:56:08,3203.77,100
40,09:55:57,3204.87,500
41,09:55:31,3203.895,100
42,09:55:26,3203.895,100
43,09:55:25,3203.79,100
44,09:54:32,3200.375,100
45,09:54:32,3201.0,156
46,09:54:21,3200.49,100
47,09:53:56,3202.05,100
48,09:53:49,3201.4205,212
49,09:53:40,3201.2,100
50,09:53:40,3201.2001,400
51,09:53:40,3201.67,100
52,09:53:22,3201.005,100
53,09:53:20,3202.5746,484
54,09:53:20,3200.99,100
55,09:53:12,3202.475,100
56,09:53:11,3201.15,100
57,09:53:10,3202.92,100
58,09:53:02,3202.33,100
59,09:52:47,3202.33,100
60,09:52:47,3203.8741,750
61,09:52:40,3202.3,100
62,09:52:25,3202.18,100
63,09:52:18,3202.78,100
64,09:52:18,3203.19,100
65,09:51:57,3203.05,100
66,09:51:46,3203.47,100
67,09:51:27,3203.58,100
68,09:51:23,3203.58,100
69,09:51:21,3203.2375,100
70,09:51:12,3203.6575,100
71,09:51:09,3202.7825,100
72,09:51:09,3204.02,248
73,09:51:03,3204.19,100
74,09:51:01,3204.5925,100
75,09:50:43,3202.065,100
76,09:50:32,3203.65,100
77,09:50:31,3204.44,111
78,09:50:27,3205.485,100
79,09:50:14,3203.0,378
80,09:50:08,3204.88,100
81,09:49:33,3202.645,100
82,09:49:07,3200.44,100
83,09:49:02,3202.0,100
84,09:48:56,3202.11,100
85,09:48:45,3202.78,100
86,09:48:45,3202.77,100
87,09:48:31,3201.3,100
88,09:48:20,3201.495,100
89,09:48:19,3202.62,100
90,09:48:19,3201.495,100
91,09:48:18,3201.485,100
92,09:48:15,3201.5,100
93,09:47:52,3203.025,100
94,09:47:45,3204.035,100
95,09:47:45,3203.5657,200
96,09:47:42,3203.38,100
97,09:47:41,3203.53,100
98,09:47:41,3203.52,100
99,09:47:41,3203.25,100
100,09:47:41,3203.0,100
101,09:47:41,3203.0,100
102,09:47:39,3203.55,152
103,09:47:05,3202.05,100
104,09:46:44,3201.2814,294
105,09:46:44,3202.58,100
106,09:46:25,3202.385,100
107,09:46:15,3202.741,500
108,09:46:11,3202.18,100
109,09:46:10,3201.94,100
110,09:46:07,3201.6293,250
111,09:45:59,3202.09,100
112,09:45:59,3202.0,100
113,09:45:35,3201.0,100
114,09:45:29,3200.85,100
115,09:45:29,3200.77,100
116,09:45:19,3198.84,100
117,09:45:07,3200.3915,100
118,09:44:45,3197.12,100
119,09:44:36,3199.785,100
120,09:44:27,3197.1201,100
121,09:44:25,3197.99,100
122,09:44:25,3198.0,100
123,09:44:25,3196.4207,100
124,09:44:04,3196.18,100
125,09:44:01,3197.36,100
126,09:43:46,3197.99,100
127,09:43:39,3196.5625,100
128,09:43:21,3195.56,100
129,09:43:21,3196.08,100
130,09:43:21,3195.9558,300
131,09:43:15,3196.605,100
132,09:43:14,3197.04,100
133,09:43:08,3196.91,100
134,09:43:07,3197.685,100
135,09:43:02,3197.23,100
136,09:43:00,3197.69,100
137,09:43:00,3197.46,200
138,09:42:59,3198.41,100
139,09:42:48,3197.645,100
140,09:44:27,3197.1201,100
141,09:44:25,3197.99,100
142,09:44:25,3198.0,100
143,09:44:25,3196.4207,100
144,09:44:04,3196.18,100
145,09:44:01,3197.36,100
146,09:43:46,3197.99,100
147,09:43:39,3196.5625,100
148,09:43:21,3195.56,100
149,09:43:21,3196.08,100
150,09:43:21,3195.9558,300
151,09:43:15,3196.605,100
152,09:43:14,3197.04,100
153,09:43:08,3196.91,100
154,09:43:07,3197.685,100
155,09:43:02,3197.23,100
156,09:43:00,3197.69,100
157,09:43:00,3197.46,200
158,09:42:59,3198.41,100
159,09:42:48,3197.645,100
160,09:40:54,3198.3758,100
161,09:40:51,3198.225,100
162,09:40:51,3198.225,100
163,09:40:51,3198.365,100
164,09:40:51,3198.0,100
165,09:40:51,3197.245,100
166,09:40:50,3197.99,1400
167,09:40:48,3197.05,100
168,09:40:44,3198.2398,100
169,09:40:37,3195.015,200
170,09:40:37,3194.945,100
171,09:40:36,3195.01,100
172,09:40:23,3194.4,100
173,09:40:21,3195.04,100
174,09:40:21,3195.42,100
175,09:40:21,3195.55,442
176,09:40:21,3196.66,100
177,09:40:20,3198.6601,200
178,09:40:20,3197.9,300
179,09:40:14,3198.66,400
180,09:40:54,3198.3758,100
181,09:40:51,3198.225,100
182,09:40:51,3198.225,100
183,09:40:51,3198.365,100
184,09:40:51,3198.0,100
185,09:40:51,3197.245,100
186,09:40:50,3197.99,1400
187,09:40:48,3197.05,100
188,09:40:44,3198.2398,100
189,09:40:37,3195.015,200
190,09:40:37,3194.945,100
191,09:40:36,3195.01,100
192,09:40:23,3194.4,100
193,09:40:21,3195.04,100
194,09:40:21,3195.42,100
195,09:40:21,3195.55,442
196,09:40:21,3196.66,100
197,09:40:20,3198.6601,200
198,09:40:20,3197.9,300
199,09:40:14,3198.66,400
200,09:39:33,3200.42,100
201,09:39:31,3200.15,200
202,09:39:21,3200.87,100
203,09:39:04,3199.7,100
204,09:39:04,3199.575,100
205,09:39:04,3199.78,100
206,09:39:04,3199.575,100
207,09:39:01,3199.575,100
208,09:38:55,3199.98,100
209,09:38:55,3200.765,100
210,09:38:48,3200.0097,312
211,09:38:48,3200.53,100
212,09:38:46,3200.5,100
213,09:38:40,3202.43,100
214,09:38:35,3200.5,100
215,09:38:35,3200.5,100
216,09:38:33,3200.0,100
217,09:38:31,3200.03,100
218,09:38:31,3200.02,100
219,09:38:31,3200.02,100
220,09:38:31,3200.02,210
221,09:38:31,3200.02,100
222,09:38:27,3201.0,100
223,09:38:24,3201.0,566
224,09:38:24,3201.0,100
225,09:38:23,3201.05,100
226,09:38:23,3201.05,100
227,09:38:23,3201.05,100
228,09:38:03,3202.36,100
229,09:38:03,3202.53,100
230,09:37:54,3202.37,100
231,09:37:54,3202.4173,100
232,09:37:53,3202.37,100
233,09:37:47,3201.77,100
234,09:37:47,3201.6825,100
235,09:37:47,3201.565,100
236,09:37:44,3201.0,100
237,09:37:33,3201.51,100
238,09:37:23,3200.45,100
239,09:37:22,3202.04,100
240,09:38:31,3200.02,210
241,09:38:31,3200.02,100
242,09:38:27,3201.0,100
243,09:38:24,3201.0,566
244,09:38:24,3201.0,100
245,09:38:23,3201.05,100
246,09:38:23,3201.05,100
247,09:38:23,3201.05,100
248,09:38:03,3202.36,100
249,09:38:03,3202.53,100
250,09:37:54,3202.37,100
251,09:37:54,3202.4173,100
252,09:37:53,3202.37,100
253,09:37:47,3201.77,100
254,09:37:47,3201.6825,100
255,09:37:47,3201.565,100
256,09:37:44,3201.0,100
257,09:37:33,3201.51,100
258,09:37:23,3200.45,100
259,09:37:22,3202.04,100
260,09:35:11,3207.85,100
261,09:35:11,3207.8,100
262,09:35:11,3207.16,100
263,09:35:10,3206.91,100
264,09:35:09,3205.83,100
265,09:35:09,3205.74,100
266,09:35:06,3205.0,100
267,09:35:01,3203.2633,150
268,09:34:59,3202.82,100
269,09:34:58,3201.0,100
270,09:34:57,3199.375,150
271,09:34:49,3201.0,100
272,09:34:47,3198.185,100
273,09:34:40,3198.56,100
274,09:34:22,3199.58,100
275,09:34:22,3199.51,535
276,09:34:22,3200.22,100
277,09:34:07,3199.17,100
278,09:34:03,3199.045,100
279,09:33:58,3198.15,100
280,09:33:57,3197.84,100
281,09:33:57,3197.315,100
282,09:33:57,3196.9,100
283,09:33:40,3197.67,200
284,09:33:30,3199.42,100
285,09:33:23,3199.6,100
286,09:33:15,3198.87,100
287,09:33:14,3198.345,100
288,09:33:14,3198.345,100
289,09:33:11,3197.81,137
290,09:33:11,3197.859,200
291,09:33:11,3197.83,100
292,09:33:11,3197.83,100
293,09:33:05,3198.0,118
294,09:33:04,3197.71,100
295,09:33:04,3197.34,100
296,09:33:02,3195.6601,100
297,09:33:01,3199.175,100
298,09:33:01,3197.365,100
299,09:33:01,3199.0,100
300,09:33:01,3199.0,850
301,09:33:00,3198.35,100
302,09:32:58,3197.0,100
303,09:32:56,3196.51,100
304,09:32:56,3196.51,100
305,09:32:51,3198.01,100
306,09:32:47,3198.36,100
307,09:32:38,3197.85,100
308,09:32:34,3198.12,100
309,09:32:34,3198.13,100
310,09:32:33,3198.125,100
311,09:32:32,3196.52,100
312,09:32:27,3198.0975,100
313,09:32:24,3200.8799,100
314,09:32:11,3198.6508,250
315,09:32:10,3197.78,100
316,09:32:09,3197.205,100
317,09:32:05,3198.1075,100
318,09:32:05,3197.96,100
319,09:32:05,3198.15,100
320,09:32:04,3198.4925,100
321,09:32:02,3198.55,100
322,09:32:01,3197.92,116
323,09:32:01,3197.915,100
324,09:32:00,3197.91,100
325,09:32:00,3197.91,100
326,09:32:00,3197.91,100
327,09:32:00,3197.91,100
328,09:31:57,3197.25,100
329,09:31:57,3197.25,100
330,09:31:56,3197.54,100
331,09:31:55,3197.53,100
332,09:31:55,3197.73,100
333,09:31:55,3197.94,105
334,09:31:55,3197.96,100
335,09:31:50,3196.57,100
336,09:31:50,3197.65,100
337,09:31:43,3196.01,100
338,09:31:43,3196.01,100
339,09:31:42,3196.22,100
340,09:31:42,3196.42,100
341,09:31:42,3196.08,120
342,09:31:41,3196.08,200
343,09:31:41,3195.83,100
344,09:31:41,3196.17,187
345,09:31:41,3196.06,100
346,09:31:40,3196.02,100
347,09:31:39,3196.16,100
348,09:31:36,3195.905,100
349,09:31:31,3195.143,100
350,09:31:24,3197.0,100
351,09:31:17,3194.455,100
352,09:31:13,3193.32,100
353,09:31:11,3194.0762,100
354,09:31:07,3195.255,100
355,09:31:04,3193.99,100
356,09:31:03,3194.0,122
357,09:31:01,3194.4725,100
358,09:30:57,3194.51,200
359,09:30:56,3196.09,100
360,09:30:53,3195.85,100
361,09:30:53,3196.66,100
362,09:30:48,3194.5444,500
363,09:30:48,3196.41,100
364,09:30:47,3196.95,100
365,09:30:46,3196.035,100
366,09:30:40,3195.232,100
367,09:30:40,3195.5,100
368,09:30:40,3195.51,100
369,09:30:40,3195.515,100
370,09:30:40,3195.0,625
371,09:30:40,3195.0,100
372,09:30:40,3196.0,600
373,09:30:40,3196.0,343
374,09:30:40,3196.0,100
375,09:30:37,3197.59,100
376,09:30:35,3197.58,100
377,09:30:32,3199.2,100
378,09:30:30,3200.0,270
379,09:30:30,3199.49,100
380,09:30:26,3197.82,100
381,09:30:26,3198.35,174
382,09:30:26,3198.35,100
383,09:30:26,3198.35,100
384,09:30:26,3198.35,100
385,09:30:26,3198.35,122
386,09:30:26,3198.35,114
387,09:30:21,3198.4351,100
388,09:30:11,3198.62,100
389,09:30:09,3196.96,100
390,09:30:07,3197.06,320
391,09:30:05,3197.01,100
392,09:30:05,3197.01,100
393,09:30:05,3197.01,100
394,09:30:00,3196.68,1
395,09:30:00,3196.68,3
396,09:30:00,3196.68,5
397,09:30:00,3196.68,2
398,09:30:00,3196.68,1
399,09:30:00,3196.68,1
400,09:30:00,3196.68,2
401,09:30:00,3196.68,3
402,09:30:00,3196.68,2
403,09:30:00,3196.68,1
404,09:30:00,3196.68,1
405,09:30:00,3196.68,1
406,09:30:00,3196.68,1
407,09:30:00,3196.68,1
408,09:30:00,3196.68,2
409,09:30:00,3196.68,8
410,09:30:00,3196.68,2
411,09:30:00,3196.68,1
412,09:30:00,3196.68,1
413,09:30:00,3196.68,1
414,09:30:00,3196.68,1
415,09:30:00,3196.68,4
416,09:30:00,3196.68,5
417,09:30:00,3196.68,1
418,09:30:00,3196.68,1
419,09:30:00,3196.68,1
420,09:30:00,3196.68,2
421,09:30:00,3196.68,4
422,09:30:00,3196.68,1
423,09:30:00,3196.68,1
424,09:30:00,3196.68,2
425,09:30:00,3196.68,1
426,09:30:00,3196.68,1
427,09:30:00,3196.68,2
428,09:30:00,3196.68,2
429,09:30:00,3196.68,1
430,09:30:00,3196.68,1
431,09:30:00,3196.68,1
432,09:30:00,3196.68,2
433,09:30:00,3196.68,18
434,09:30:00,3196.68,2
435,09:30:00,3196.68,1
436,09:30:00,3196.68,1
437,09:30:00,3196.68,1
438,09:30:00,3196.68,5
439,09:30:00,3196.68,4
440,09:30:00,3196.68,3
441,09:30:00,3196.68,3
442,09:30:00,3196.68,1
443,09:30:00,3196.68,1
444,09:30:00,3196.68,4
445,09:30:00,3196.68,11
446,09:30:00,3196.68,7
447,09:30:00,3196.68,5
448,09:30:00,3196.68,1
449,09:30:00,3196.68,3
450,09:30:00,3196.68,1
451,09:30:00,3196.68,4
452,09:30:00,3196.68,2
453,09:30:00,3196.68,5
454,09:30:00,3196.68,19
455,09:30:00,3196.68,1
456,09:30:00,3196.68,1
457,09:30:00,3196.68,1
458,09:30:00,3196.68,104
459,09:30:00,3196.68,1
460,09:30:00,3196.68,1
461,09:30:00,3196.68,1
462,09:30:00,3196.68,20
463,09:30:00,3196.68,5
464,09:30:00,3196.68,8
465,09:30:00,3196.68,10
466,09:30:00,3196.68,3
467,09:30:00,3196.68,2
468,09:30:00,3196.68,1
469,09:30:00,3196.68,1
470,09:30:00,3196.68,3
471,09:30:00,3196.68,3
472,09:30:00,3196.68,2
473,09:30:00,3196.68,6
474,09:30:00,3196.68,2
475,09:30:00,3196.68,8
476,09:30:00,3196.68,2
477,09:30:00,3196.68,3
478,09:30:00,3196.68,3
479,09:30:00,3196.68,2
480,09:30:00,3196.68,8
481,09:30:00,3196.68,1
482,09:30:00,3196.68,1
483,09:30:00,3196.68,3
484,09:30:00,3196.68,5
485,09:30:00,3196.68,3
486,09:30:00,3196.68,6
487,09:30:00,3196.68,1
488,09:30:00,3196.68,1
489,09:30:00,3196.68,15
490,09:30:00,3196.68,15
491,09:30:00,3196.68,200
492,09:30:00,3196.68,8
493,09:30:00,3196.68,1
494,09:30:00,3196.68,2
495,09:30:00,3196.68,5
496,09:30:00,3196.68,1
497,09:30:00,3196.68,2
498,09:30:00,3196.68,8
499,09:30:00,3196.68,1
500,09:30:00,3196.68,6
501,09:30:00,3196.68,30
502,09:30:00,3196.68,3
503,09:30:00,3196.68,25
504,09:30:00,3196.68,3
505,09:30:00,3196.68,1
506,09:30:00,3196.68,1
507,09:30:00,3196.68,1
508,09:30:00,3196.68,1
509,09:30:00,3196.68,3
510,09:30:00,3196.68,1
511,09:30:00,3196.68,6
512,09:30:00,3196.68,15
513,09:30:00,3196.68,1
514,09:30:00,3196.68,3
515,09:30:00,3196.68,6
516,09:30:00,3196.68,1
517,09:30:00,3196.68,1
518,09:30:00,3196.68,1
519,09:30:00,3196.68,1
520,09:30:00,3196.68,1
521,09:30:00,3196.68,2
522,09:30:00,3196.68,2
523,09:30:00,3196.68,3
524,09:30:00,3196.68,1
525,09:30:00,3196.68,1
526,09:30:00,3196.68,3
527,09:30:00,3196.68,2
528,09:30:00,3196.68,20
529,09:30:00,3196.68,3
530,09:30:00,3196.68,30
531,09:30:00,3196.68,4
532,09:30:00,3196.68,1
533,09:30:00,3196.68,1
534,09:30:00,3196.68,6
535,09:30:00,3196.68,1
536,09:30:00,3196.68,3
537,09:30:00,3196.68,5
538,09:30:00,3196.68,7
539,09:30:00,3196.68,1
540,09:30:00,3196.68,2
541,09:30:00,3196.68,3
542,09:30:00,3196.68,2
543,09:30:00,3196.68,1
544,09:30:00,3196.68,20
545,09:30:00,3196.68,2
546,09:30:00,3196.68,1
547,09:30:00,3196.68,5
548,09:30:00,3196.68,1
549,09:30:00,3196.68,1
550,09:30:00,3196.68,3
551,09:30:00,3196.68,3
552,09:30:00,3196.68,1
553,09:30:00,3196.68,1
554,09:30:00,3196.68,1
555,09:30:00,3196.68,1
556,09:30:00,3196.68,8
557,09:30:00,3196.68,1
558,09:30:00,3196.68,32
559,09:30:00,3196.68,1
560,09:30:00,3196.68,15
561,09:30:00,3196.68,4
562,09:30:00,3196.68,5
563,09:30:00,3196.68,1
564,09:30:00,3196.68,5
565,09:30:00,3196.68,7
566,09:30:00,3196.68,25
567,09:30:00,3196.68,1
568,09:30:00,3196.68,4
569,09:30:00,3196.68,3
570,09:30:00,3196.68,5
571,09:30:00,3196.68,10
572,09:30:00,3196.68,20
573,09:30:00,3196.68,1
574,09:30:00,3196.68,5
575,09:30:00,3196.68,2
576,09:30:00,3196.68,1
577,09:30:00,3196.68,1
578,09:30:00,3196.68,1
579,09:30:00,3196.68,1
580,09:30:00,3196.68,2
581,09:30:00,3196.68,1
582,09:30:00,3196.68,10
583,09:30:00,3196.68,1
584,09:30:00,3196.68,2
585,09:30:00,3196.68,3
586,09:30:00,3196.68,1
587,09:30:00,3196.68,1
588,09:30:00,3196.68,1
589,09:30:00,3196.68,1
590,09:30:00,3196.68,5
591,09:30:00,3196.68,15
592,09:30:00,3196.68,7
593,09:30:00,3196.68,5
594,09:30:00,3196.68,1
595,09:30:00,3196.68,6
596,09:30:00,3196.68,1
597,09:30:00,3196.68,2
598,09:30:00,3196.68,2
599,09:30:00,3196.68,1
600,09:30:00,3196.68,1
601,09:30:00,3196.68,1
602,09:30:00,3196.68,1
603,09:30:00,3196.68,1
604,09:30:00,3196.68,3
605,09:30:00,3196.68,1
606,09:30:00,3196.68,1
607,09:30:00,3196.68,1
608,09:30:00,3196.68,1
609,09:30:00,3196.68,15
610,09:30:00,3196.68,15
611,09:30:00,3196.68,1
612,09:30:00,3196.68,1
613,09:30:00,3196.68,2
614,09:30:00,3196.68,1
615,09:30:00,3196.68,2
616,09:30:00,3196.68,2
617,09:30:00,3196.68,1
618,09:30:00,3196.68,2
619,09:30:00,3196.68,2
620,09:30:00,3196.68,1
621,09:30:00,3196.68,1
622,09:30:00,3196.68,1
623,09:30:00,3196.68,10
624,09:30:00,3196.68,3
625,09:30:00,3196.68,1
626,09:30:00,3196.68,1
627,09:30:00,3196.68,1
628,09:30:00,3196.68,1
629,09:30:00,3196.68,5
630,09:30:00,3196.68,1
631,09:30:00,3196.68,2
632,09:30:00,3196.68,1
633,09:30:00,3196.68,10
634,09:30:00,3196.68,10
635,09:30:00,3196.68,10
636,09:30:00,3196.68,1
637,09:30:00,3196.68,4
638,09:30:00,3196.68,1
639,09:30:00,3196.68,5
640,09:30:00,3196.68,2
641,09:30:00,3196.68,1
642,09:30:00,3196.68,1
643,09:30:00,3196.68,1
644,09:30:00,3196.68,10
645,09:30:00,3196.68,3
646,09:30:00,3196.68,1
647,09:30:00,3196.68,5
648,09:30:00,3196.68,1
649,09:30:00,3196.68,1
650,09:30:00,3196.68,3
651,09:30:00,3196.68,5
652,09:30:00,3196.68,10
653,09:30:00,3196.68,10
654,09:30:00,3196.68,16
655,09:30:00,3196.68,16
656,09:30:00,3196.68,60
657,09:30:00,3196.68,8
658,09:30:00,3196.68,16
659,09:30:00,3196.68,4
660,09:30:00,3196.68,5
661,09:30:00,3196.68,3
662,09:30:00,3196.68,20
663,09:30:00,3196.68,4
664,09:30:00,3196.68,30
665,09:30:00,3196.68,4
666,09:30:00,3196.68,4
667,09:30:00,3196.68,5
668,09:30:00,3196.68,2
669,09:30:00,3196.68,8
670,09:30:00,3196.68,7
671,09:30:00,3196.68,9
672,09:30:00,3196.68,4
673,09:30:00,3196.68,6
674,09:30:00,3196.68,10
675,09:30:00,3196.68,8
676,09:30:00,3196.68,3
677,09:30:00,3196.68,1
678,09:30:00,3196.68,2
679,09:30:00,3196.68,14
680,09:30:00,3196.68,23
681,09:30:00,3196.68,14
682,09:30:00,3196.68,40
683,09:30:00,3196.68,19
684,09:30:00,3196.68,13
685,09:30:00,3196.68,13
686,09:30:00,3196.68,1
687,09:30:00,3196.68,1
688,09:30:00,3196.68,1
689,09:30:00,3196.68,1
690,09:30:00,3196.68,3
691,09:30:00,3196.68,2
692,09:30:00,3196.68,1
693,09:30:00,3196.68,5
694,09:30:00,3196.68,1
695,09:30:00,3196.68,2
696,09:30:00,3196.68,1
697,09:30:00,3196.68,1
698,09:30:00,3196.68,7
699,09:30:00,3196.68,1
700,09:30:00,3196.68,10
701,09:30:00,3196.68,1
702,09:30:00,3196.68,1
703,09:30:00,3196.68,6
704,09:30:00,3196.68,3
705,09:30:00,3196.68,1
706,09:30:00,3196.68,1
707,09:30:00,3196.68,2
708,09:30:00,3196.68,2
709,09:30:00,3196.68,156
710,09:30:00,3196.68,300
711,09:30:00,3196.68,1
712,09:30:00,3196.68,5
713,09:30:00,3196.68,3
714,09:30:00,3196.68,1
715,09:30:00,3196.68,1
716,09:30:00,3196.68,3
717,09:30:00,3196.68,1
718,09:30:00,3196.68,2
719,09:30:00,3196.68,3
720,09:30:00,3196.68,1
721,09:30:00,3196.68,1
722,09:30:00,3196.68,2
723,09:30:00,3196.68,98
724,09:30:00,3196.68,10
725,09:30:00,3196.68,1
726,09:30:00,3196.68,1
727,09:30:00,3196.68,1
728,09:30:00,3196.68,12
729,09:30:00,3196.68,5
730,09:30:00,3196.68,3
731,09:30:00,3196.68,1
732,09:30:00,3196.68,2
733,09:30:00,3196.68,1
734,09:30:00,3196.68,3
735,09:30:00,3196.68,6
736,09:30:00,3196.68,2
737,09:30:00,3196.68,3
738,09:30:00,3196.68,1
739,09:30:00,3196.68,1
740,09:30:00,3196.68,1
741,09:30:00,3196.68,4
742,09:30:00,3196.68,1
743,09:30:00,3196.68,1
744,09:30:00,3196.68,1
745,09:30:00,3196.68,100
746,09:30:00,3196.68,4
747,09:30:00,3196.68,1
748,09:30:00,3196.68,3
749,09:30:00,3196.68,1
750,09:30:00,3196.68,3
751,09:30:00,3196.68,5
752,09:30:00,3196.68,10
753,09:30:00,3196.68,6
754,09:30:00,3196.68,1
755,09:30:00,3196.68,68
756,09:30:00,3196.68,1
757,09:30:00,3196.68,1
758,09:30:00,3196.68,2
759,09:30:00,3196.68,15
760,09:30:00,3196.68,8
761,09:30:00,3196.68,50
762,09:30:00,3196.68,18
763,09:30:00,3196.68,16
764,09:30:00,3196.68,5
765,09:30:00,3196.68,35
766,09:30:00,3196.68,6
767,09:30:00,3196.68,3
768,09:30:00,3196.68,4
769,09:30:00,3196.68,1
770,09:30:00,3196.68,1
771,09:30:00,3196.68,1
772,09:30:00,3196.68,6
773,09:30:00,3196.68,10
774,09:30:00,3196.68,4
775,09:30:00,3196.68,1
776,09:30:00,3196.68,2
777,09:30:00,3196.68,1
778,09:30:00,3196.68,2
779,09:30:00,3196.68,2
780,09:30:00,3196.68,4
781,09:30:00,3196.68,2
782,09:30:00,3196.68,1
783,09:30:00,3196.68,12
784,09:30:00,3196.68,2
785,09:30:00,3196.68,2
786,09:30:00,3196.68,10
787,09:30:00,3196.68,1
788,09:30:00,3196.68,100
789,09:30:00,3196.68,3
790,09:30:00,3196.68,1
791,09:30:00,3196.68,2
792,09:30:00,3196.68,1
793,09:30:00,3196.68,15
794,09:30:00,3196.68,2
795,09:30:00,3196.68,3
796,09:30:00,3196.68,1
797,09:30:00,3196.68,2
798,09:30:00,3196.68,3
799,09:30:00,3196.68,1
800,09:30:00,3196.68,1
801,09:30:00,3196.68,20
802,09:30:00,3196.68,10
803,09:30:00,3196.68,3
804,09:30:00,3196.68,1
805,09:30:00,3196.68,2
806,09:30:00,3196.68,1
807,09:30:00,3196.68,3
808,09:30:00,3196.68,5
809,09:30:00,3196.68,375
810,09:30:00,3196.68,1
811,09:30:00,3196.68,1
812,09:30:00,3196.68,4
813,09:30:00,3196.68,75
814,09:30:00,3196.68,31
815,09:30:00,3196.68,1
816,09:30:00,3196.68,3
817,09:30:00,3196.68,1
818,09:30:00,3196.68,1
819,09:30:00,3196.68,4
820,09:30:00,3196.68,1
821,09:30:00,3196.68,1
822,09:30:00,3196.68,10
823,09:30:00,3196.68,1
824,09:30:00,3196.68,1
825,09:30:00,3196.68,3
826,09:30:00,3196.68,5
827,09:30:00,3196.68,1
828,09:30:00,3196.68,1
829,09:30:00,3196.68,1
830,09:30:00,3196.68,3
831,09:30:00,3196.68,5
832,09:30:00,3196.68,2
833,09:30:00,3196.68,2
834,09:30:00,3196.68,2
835,09:30:00,3196.68,3
836,09:30:00,3196.68,1
837,09:30:00,3196.68,1
838,09:30:00,3196.68,4
839,09:30:00,3196.68,1
840,09:30:00,3196.68,1
841,09:30:00,3196.68,1
842,09:30:00,3196.68,12
843,09:30:00,3196.68,5
844,09:30:00,3196.68,15
845,09:30:00,3196.68,3
846,09:30:00,3196.68,22
847,09:30:00,3196.68,1
848,09:30:00,3196.68,2
849,09:30:00,3196.68,93
850,09:30:00,3196.68,4
851,09:30:00,3196.68,3
852,09:30:00,3196.68,1
853,09:30:00,3196.68,5
854,09:30:00,3196.68,2
855,09:30:00,3196.68,1
856,09:30:00,3196.68,1
857,09:30:00,3196.68,1
858,09:30:00,3196.68,1
859,09:30:00,3196.68,1
860,09:30:00,3196.68,1
861,09:30:00,3196.68,1
862,09:30:00,3196.68,1
863,09:30:00,3196.68,3
864,09:30:00,3196.68,1
865,09:30:00,3196.68,2
866,09:30:00,3196.68,2
867,09:30:00,3196.68,62
868,09:30:00,3196.68,5
869,09:30:00,3196.68,1
870,09:30:00,3196.68,3
871,09:30:00,3196.68,50
872,09:30:00,3196.68,2
873,09:30:00,3196.68,1
874,09:30:00,3196.68,9
875,09:30:00,3196.68,2
876,09:30:00,3196.68,29
877,09:30:00,3196.68,2
878,09:30:00,3196.68,14
879,09:30:00,3196.68,1
880,09:30:00,3196.68,1
881,09:30:00,3196.68,1
882,09:30:00,3196.68,5
883,09:30:00,3196.68,9
884,09:30:00,3196.68,2
885,09:30:00,3196.68,1
886,09:30:00,3196.68,2
887,09:30:00,3196.68,1
888,09:30:00,3196.68,1
889,09:30:00,3196.68,1
890,09:30:00,3196.68,1
891,09:30:00,3196.68,1
892,09:30:00,3196.68,1
893,09:30:00,3196.68,1
894,09:30:00,3196.68,1
895,09:30:00,3196.68,4
896,09:30:00,3196.68,4
897,09:30:00,3196.68,1
898,09:30:00,3196.68,4
899,09:30:00,3196.68,1
900,09:30:00,3196.68,4
901,09:30:00,3196.68,2
902,09:30:00,3196.68,1
903,09:30:00,3196.68,3
904,09:30:00,3196.68,2
905,09:30:00,3196.68,8
906,09:30:00,3196.68,1
907,09:30:00,3196.68,5
908,09:30:00,3196.68,1
909,09:30:00,3196.68,5
910,09:30:00,3196.68,1
911,09:30:00,3196.68,1
912,09:30:00,3196.68,4
913,09:30:00,3196.68,1
914,09:30:00,3196.68,3
915,09:30:00,3196.68,2
916,09:30:00,3196.68,1
917,09:30:00,3196.68,1
918,09:30:00,3196.68,1
919,09:30:00,3196.68,10
920,09:30:00,3196.68,4
921,09:30:00,3196.68,4
922,09:30:00,3196.68,1
923,09:30:00,3196.68,6
924,09:30:00,3196.68,5
925,09:30:00,3196.68,1
926,09:30:00,3196.68,1
927,09:30:00,3196.68,1
928,09:30:00,3196.68,1
929,09:30:00,3196.68,6
930,09:30:00,3196.68,5
931,09:30:00,3196.68,1
932,09:30:00,3196.68,2
933,09:30:00,3196.68,1
934,09:30:00,3196.68,2
935,09:30:00,3196.68,1
936,09:30:00,3196.68,1
937,09:30:00,3196.68,2
938,09:30:00,3196.68,2
939,09:30:00,3196.68,1
940,09:30:00,3196.68,10
941,09:30:00,3196.68,5
942,09:30:00,3196.68,2
943,09:30:00,3196.68,40
944,09:30:00,3196.68,1
945,09:30:00,3196.68,10
946,09:30:00,3196.68,1
947,09:30:00,3196.68,1
948,09:30:00,3196.68,8
949,09:30:00,3196.68,1
950,09:30:00,3196.68,10
951,09:30:00,3196.68,1
952,09:30:00,3196.68,2
953,09:30:00,3196.68,38
954,09:30:00,3196.68,2
955,09:30:00,3196.68,1
956,09:30:00,3196.68,2
957,09:30:00,3196.68,70
958,09:30:00,3196.68,2
959,09:30:00,3196.68,1
960,09:30:00,3196.68,2
961,09:30:00,3196.68,7
962,09:30:00,3196.68,62
963,09:30:00,3196.68,6
964,09:30:00,3196.68,3
965,09:30:00,3196.68,16
966,09:30:00,3196.68,1
967,09:30:00,3196.68,30
968,09:30:00,3196.68,3
969,09:30:00,3196.68,1
970,09:30:00,3196.68,10
971,09:30:00,3196.68,5
972,09:30:00,3196.68,5
973,09:30:00,3196.68,1
974,09:30:00,3196.68,1
975,09:30:00,3196.68,1
976,09:30:00,3196.68,1
977,09:30:00,3196.68,2
978,09:30:00,3196.68,1
979,09:30:00,3196.68,1
980,09:30:00,3196.68,1
981,09:30:00,3196.68,1
982,09:30:00,3196.68,2
983,09:30:00,3196.68,1
984,09:30:00,3196.68,1
985,09:30:00,3196.68,1
986,09:30:00,3196.68,6
987,09:30:00,3196.68,1
988,09:30:00,3196.68,1
989,09:30:00,3196.68,6
990,09:30:00,3196.68,2
991,09:30:00,3196.68,1
992,09:30:00,3196.68,1
993,09:30:00,3196.68,1
994,09:30:00,3196.68,1
995,09:30:00,3196.68,1
996,09:30:00,3196.68,1
997,09:30:00,3196.68,1
998,09:30:00,3196.68,1
999,09:30:00,3196.68,4
1000,09:30:00,3196.68,2
1001,09:30:00,3196.68,1
1002,09:30:00,3196.68,3
1003,09:30:00,3196.68,15
1004,09:30:00,3196.68,3
1005,09:30:00,3196.68,1
1006,09:30:00,3196.68,1
1007,09:30:00,3196.68,10
1008,09:30:00,3196.68,1
1009,09:30:00,3196.68,2
1010,09:30:00,3196.68,3
1011,09:30:00,3196.68,5
1012,09:30:00,3196.68,2
1013,09:30:00,3196.68,5
1014,09:30:00,3196.68,1
1015,09:30:00,3196.68,1
1016,09:30:00,3196.68,1
1017,09:30:00,3196.68,3
1018,09:30:00,3196.68,1
1019,09:30:00,3196.68,1
1020,09:30:00,3196.68,1
1021,09:30:00,3196.68,1
1022,09:30:00,3196.68,3
1023,09:30:00,3196.68,10
1024,09:30:00,3196.68,1
1025,09:30:00,3196.68,2
1026,09:30:00,3196.68,2
1027,09:30:00,3196.68,1
1028,09:30:00,3196.68,1
1029,09:30:00,3196.68,5
1030,09:30:00,3196.68,10
1031,09:30:00,3196.68,3
1032,09:30:00,3196.68,1
1033,09:30:00,3196.68,1
1034,09:30:00,3196.68,2
1035,09:30:00,3196.68,16
1036,09:30:00,3196.68,1
1037,09:30:00,3196.68,2
1038,09:30:00,3196.68,20
1039,09:30:00,3196.68,1
1040,09:30:00,3196.68,2
1041,09:30:00,3196.68,2
1042,09:30:00,3196.68,2
1043,09:30:00,3196.68,10
1044,09:30:00,3196.68,30
1045,09:30:00,3196.68,20
1046,09:30:00,3196.68,1
1047,09:30:00,3196.68,8
1048,09:30:00,3196.68,1
1049,09:30:00,3196.68,1
1050,09:30:00,3196.68,2
1051,09:30:00,3196.68,1
1052,09:30:00,3196.68,1
1053,09:30:00,3196.68,15
1054,09:30:00,3196.68,2
1055,09:30:00,3196.68,20
1056,09:30:00,3196.68,23
1057,09:30:00,3196.68,8
1058,09:30:00,3196.68,10
1059,09:30:00,3196.68,1
1060,09:30:00,3196.68,2000
1061,09:30:00,3196.68,150
1062,09:30:00,3196.68,1
1063,09:30:00,3196.68,3
1064,09:30:00,3196.68,5
1065,09:30:00,3196.68,1
1066,09:30:00,3196.68,20
1067,09:30:00,3196.68,1
1068,09:30:00,3196.68,15
1069,09:30:00,3196.68,2
1070,09:30:00,3196.68,1
1071,09:30:00,3196.68,1
1072,09:30:00,3196.68,5
1073,09:30:00,3196.68,4
1074,09:30:00,3196.68,1
1075,09:30:00,3196.68,1
1076,09:30:00,3196.68,109
1077,09:30:00,3196.68,1
1078,09:30:00,3196.68,50
1079,09:30:00,3196.68,1
1080,09:30:00,3196.68,5
1081,09:30:00,3196.68,3
1082,09:30:00,3196.68,2
1083,09:30:00,3196.68,2
1084,09:30:00,3196.68,1
1085,09:30:00,3196.68,1
1086,09:30:00,3196.68,2
1087,09:30:00,3196.68,1
1088,09:30:00,3196.68,6
1089,09:30:00,3196.68,1
1090,09:30:00,3196.68,1
1091,09:30:00,3196.68,2
1092,09:30:00,3196.68,1
1093,09:30:00,3196.68,4
1094,09:30:00,3196.68,1
1095,09:30:00,3196.68,1
1096,09:30:00,3196.68,2
1097,09:30:00,3196.68,2
1098,09:30:00,3196.68,4
1099,09:30:00,3196.68,1
1100,09:30:00,3196.68,3
1101,09:30:00,3196.68,3
1102,09:30:00,3196.68,1
1103,09:30:00,3196.68,1
1104,09:30:00,3196.68,2
1105,09:30:00,3196.68,1
1106,09:30:00,3196.68,3
1107,09:30:00,3196.68,5
1108,09:30:00,3196.68,1
1109,09:30:00,3196.68,1
1110,09:30:00,3196.68,1
1111,09:30:00,3196.68,30
1112,09:30:00,3196.68,13
1113,09:30:00,3196.68,2
1114,09:30:00,3196.68,2
1115,09:30:00,3196.68,1
1116,09:30:00,3196.68,1
1117,09:30:00,3196.68,50
1118,09:30:00,3196.68,1
1119,09:30:00,3196.68,10
1120,09:30:00,3196.68,1
1121,09:30:00,3196.68,2
1122,09:30:00,3196.68,2
1123,09:30:00,3196.68,1
1124,09:30:00,3196.68,1
1125,09:30:00,3196.68,2
1126,09:30:00,3196.68,5
1127,09:30:00,3196.68,10
1128,09:30:00,3196.68,1
1129,09:30:00,3196.68,2
1130,09:30:00,3196.68,11
1131,09:30:00,3196.68,1
1132,09:30:00,3196.68,3
1133,09:30:00,3196.68,1
1134,09:30:00,3196.68,1
1135,09:30:00,3196.68,15
1136,09:30:00,3196.68,2
1137,09:30:00,3196.68,1
1138,09:30:00,3196.68,2
1139,09:30:00,3196.68,2
1140,09:30:00,3196.68,4
1141,09:30:00,3196.68,2
1142,09:30:00,3196.68,1
1143,09:30:00,3196.68,1
1144,09:30:00,3196.68,2
1145,09:30:00,3196.68,1
1146,09:30:00,3196.68,8
1147,09:30:00,3196.68,3
1148,09:30:00,3196.68,1
1149,09:30:00,3196.68,4
1150,09:30:00,3196.68,7
1151,09:30:00,3196.68,3
1152,09:30:00,3196.68,1
1153,09:30:00,3196.68,1
1154,09:30:00,3196.68,50
1155,09:30:00,3196.68,1
1156,09:30:00,3196.68,1
1157,09:30:00,3196.68,1
1158,09:30:00,3196.68,5
1159,09:30:00,3196.68,1
1160,09:30:00,3196.68,3
1161,09:30:00,3196.68,2
1162,09:30:00,3196.68,22
1163,09:30:00,3196.68,1
1164,09:30:00,3196.68,21
1165,09:30:00,3196.68,1
1166,09:30:00,3196.68,2
1167,09:30:00,3196.68,1
1168,09:30:00,3196.68,2
1169,09:30:00,3196.68,20
1170,09:30:00,3196.68,2
1171,09:30:00,3196.68,10
1172,09:30:00,3196.68,10
1173,09:30:00,3196.68,1
1174,09:30:00,3196.68,2
1175,09:30:00,3196.68,25
1176,09:30:00,3196.68,6
1177,09:30:00,3196.68,1
1178,09:30:00,3196.68,2
1179,09:30:00,3196.68,1
1180,09:30:00,3196.68,4
1181,09:30:00,3196.68,4
1182,09:30:00,3196.68,10
1183,09:30:00,3196.68,46
1184,09:30:00,3196.68,6
1185,09:30:00,3196.68,4
1186,09:30:00,3196.68,4
1187,09:30:00,3196.68,7
1188,09:30:00,3196.68,186
1189,09:30:00,3196.68,4
1190,09:30:00,3196.68,3
1191,09:30:00,3196.68,2
1192,09:30:00,3196.68,17
1193,09:30:00,3196.68,30
1194,09:30:00,3196.68,10
1195,09:30:00,3196.68,3
1196,09:30:00,3196.68,1
1197,09:30:00,3196.68,227
1198,09:30:00,3196.68,4
1199,09:30:00,3196.68,1
1200,09:30:00,3196.68,25
1201,09:30:00,3196.68,13
1202,09:30:00,3196.68,103
1203,09:30:00,3196.68,1
1204,09:30:00,3196.68,2
1205,09:30:00,3196.68,1
1206,09:30:00,3196.68,2
1207,09:30:00,3196.68,3
1208,09:30:00,3196.68,1
1209,09:30:00,3196.68,3
1210,09:30:00,3196.68,1
1211,09:30:00,3196.68,1
1212,09:30:00,3196.68,9
1213,09:30:00,3196.68,1
1214,09:30:00,3196.68,1
1215,09:30:00,3196.68,1
1216,09:30:00,3196.68,1
1217,09:30:00,3196.68,2
1218,09:30:00,3196.68,12
1219,09:30:00,3196.68,1
1220,09:30:00,3196.68,14
1221,09:30:00,3196.68,3
1222,09:30:00,3196.68,1
1223,09:30:00,3196.68,16
1224,09:30:00,3196.68,1
1225,09:30:00,3196.68,1
1226,09:30:00,3196.68,119
1227,09:30:00,3196.68,5
1228,09:30:00,3196.68,1
1229,09:30:00,3196.68,3
1230,09:30:00,3196.68,7
1231,09:30:00,3196.68,8
1232,09:30:00,3196.68,12
1233,09:30:00,3196.68,17
1234,09:30:00,3196.68,34
1235,09:30:00,3196.68,47
1236,09:30:00,3196.68,3
1237,09:30:00,3196.68,40
1238,09:30:00,3196.68,3
1239,09:30:00,3196.68,2
1240,09:30:00,3196.68,1
1241,09:30:00,3196.68,20
1242,09:30:00,3196.68,3
1243,09:30:00,3196.68,1
1244,09:30:00,3196.68,1
1245,09:30:00,3196.68,5
1246,09:30:00,3196.68,20
1247,09:30:00,3196.68,3
1248,09:30:00,3196.68,10
1249,09:30:00,3196.68,1
1250,09:30:00,3196.68,1
1251,09:30:00,3196.68,11
1252,09:30:00,3196.68,100
1253,09:30:00,3196.68,126
1254,09:30:00,3196.68,2
1255,09:30:00,3196.68,5
1256,09:30:00,3196.68,78
1257,09:30:00,3196.68,1
1258,09:30:00,3196.68,10
1259,09:30:00,3196.68,1
1260,09:30:00,3196.68,1
1261,09:30:00,3196.68,8
1262,09:30:00,3196.68,2
1263,09:30:00,3196.68,20
1264,09:30:00,3196.68,16
1265,09:30:00,3196.68,3
1266,09:30:00,3196.68,9
1267,09:30:00,3196.68,2
1268,09:30:00,3196.68,2
1269,09:30:00,3196.68,1
1270,09:30:00,3196.68,2
1271,09:30:00,3196.68,1
1272,09:30:00,3196.68,4
1273,09:30:00,3196.68,80
1274,09:30:00,3196.68,6
1275,09:30:00,3196.68,1
1276,09:30:00,3196.68,14
1277,09:30:00,3196.68,2
1278,09:30:00,3196.68,37
1279,09:30:00,3196.68,1
1280,09:30:00,3196.68,1
1281,09:30:00,3196.68,94
1282,09:30:00,3196.68,1
1283,09:30:00,3196.68,112
1284,09:30:00,3196.68,76
1285,09:30:00,3196.68,5
1286,09:30:00,3196.68,22
1287,09:30:00,3196.68,2
1288,09:30:00,3196.68,1
1289,09:30:00,3196.68,1
1290,09:30:00,3196.68,1
1291,09:30:00,3196.68,50
1292,09:30:00,3196.68,12
1293,09:30:00,3196.68,1
1294,09:30:00,3196.68,5
1295,09:30:00,3196.68,15
1296,09:30:00,3196.68,16
1297,09:30:00,3196.68,1
1298,09:30:00,3196.68,1
1299,09:30:00,3196.68,5
1300,09:30:00,3196.68,1
1301,09:30:00,3196.68,30
1302,09:30:00,3196.68,30
1303,09:30:00,3196.68,10
1304,09:30:00,3196.68,30
1305,09:30:00,3196.68,30
1306,09:30:00,3196.68,30
1307,09:30:00,3196.68,1
1308,09:30:00,3196.68,3
1309,09:30:00,3196.68,1
1310,09:30:00,3196.68,1
1311,09:30:00,3196.68,1
1312,09:30:00,3196.68,1
1313,09:30:00,3196.68,2
1314,09:30:00,3196.68,125
1315,09:30:00,3196.68,10
1316,09:30:00,3196.68,80
1317,09:30:00,3196.68,7
1318,09:30:00,3196.68,6
1319,09:30:00,3196.68,1
1320,09:30:00,3196.68,1
1321,09:30:00,3196.68,1
1322,09:30:00,3196.68,3
1323,09:30:00,3196.68,2
1324,09:30:00,3196.68,1
1325,09:30:00,3196.68,1
1326,09:30:00,3196.68,25
1327,09:30:00,3196.68,1
1328,09:30:00,3196.68,1
1329,09:30:00,3196.68,10
1330,09:30:00,3196.68,1
1331,09:30:00,3196.68,1
1332,09:30:00,3196.68,1
1333,09:30:00,3196.68,5
1334,09:30:00,3196.68,1
1335,09:30:00,3196.68,1
1336,09:30:00,3196.68,30
1337,09:30:00,3196.68,1
1338,09:30:00,3196.68,2
1339,09:30:00,3196.68,1
1340,09:30:00,3196.68,4
1341,09:30:00,3196.68,7
1342,09:30:00,3196.68,25
1343,09:30:00,3196.68,2
1344,09:30:00,3196.68,2
1345,09:30:00,3196.68,1
1346,09:30:00,3196.68,3
1347,09:30:00,3196.68,1
1348,09:30:00,3196.68,1
1349,09:30:00,3196.68,1
1350,09:30:00,3196.68,1
1351,09:30:00,3196.68,1
1352,09:30:00,3196.68,16
1353,09:30:00,3196.68,2
1354,09:30:00,3196.68,1
1355,09:30:00,3196.68,5
1356,09:30:00,3196.68,5
1357,09:30:00,3196.68,2
1358,09:30:00,3196.68,2
1359,09:30:00,3196.68,10
1360,09:30:00,3196.68,3
1361,09:30:00,3196.68,1
1362,09:30:00,3196.68,6
1363,09:30:00,3196.68,1
1364,09:30:00,3196.68,1
1365,09:30:00,3196.68,3
1366,09:30:00,3196.68,1
1367,09:30:00,3196.68,8
1368,09:30:00,3196.68,3
1369,09:30:00,3196.68,2
1370,09:30:00,3196.68,20
1371,09:30:00,3196.68,10
1372,09:30:00,3196.68,2
1373,09:30:00,3196.68,3
1374,09:30:00,3196.68,20
1375,09:30:00,3196.68,2
1376,09:30:00,3196.68,10
1377,09:30:00,3196.68,10
1378,09:30:00,3196.68,3
1379,09:30:00,3196.68,3
1380,09:30:00,3196.68,3
1381,09:30:00,3196.68,14
1382,09:30:00,3196.68,7
1383,09:30:00,3196.68,5
1384,09:30:00,3196.68,2
1385,09:30:00,3196.68,1
1386,09:30:00,3196.68,1
1387,09:30:00,3196.68,180
1388,09:30:00,3196.68,4
1389,09:30:00,3196.68,3
1390,09:30:00,3196.68,70
1391,09:30:00,3196.68,1
1392,09:30:00,3196.68,20
1393,09:30:00,3196.68,20
1394,09:30:00,3196.68,1
1395,09:30:00,3196.68,10
1396,09:30:00,3196.68,1
1397,09:30:00,3196.68,2
1398,09:30:00,3196.68,1
1399,09:30:00,3196.68,12
1400,09:30:00,3196.68,31
1401,09:30:00,3196.68,5
1402,09:30:00,3196.68,2
1403,09:30:00,3196.68,5
1404,09:30:00,3196.68,3
1405,09:30:00,3196.68,2
1406,09:30:00,3196.68,34
1407,09:30:00,3196.68,11
1408,09:30:00,3196.68,20
1409,09:30:00,3196.68,15
1410,09:30:00,3196.68,6
1411,09:30:00,3196.68,4
1412,09:30:00,3196.68,1
1413,09:30:00,3196.68,2
1414,09:30:00,3196.68,3
1415,09:30:00,3196.68,6
1416,09:30:00,3196.68,1
1417,09:30:00,3196.68,1
1418,09:30:00,3196.68,5
1419,09:30:00,3196.68,3
1420,09:30:00,3196.68,6
1421,09:30:00,3196.68,3
1422,09:30:00,3196.68,3
1423,09:30:00,3196.68,4
1424,09:30:00,3196.68,1
1425,09:30:00,3196.68,1
1426,09:30:00,3196.68,1
1427,09:30:00,3196.68,1
1428,09:30:00,3196.68,1
1429,09:30:00,3196.68,1
1430,09:30:00,3196.68,1
1431,09:30:00,3196.68,1
1432,09:30:00,3196.68,1
1433,09:30:00,3196.68,2
1434,09:30:00,3196.68,1
1435,09:30:00,3196.68,1
1436,09:30:00,3196.68,1
1437,09:30:00,3196.68,1
1438,09:30:00,3196.68,1
1439,09:30:00,3196.68,1
1440,09:30:00,3196.68,2
1441,09:30:00,3196.68,2
1442,09:30:00,3196.68,1
1443,09:30:00,3196.68,3
1444,09:30:00,3196.68,2
1445,09:30:00,3196.68,1
1446,09:30:00,3196.68,1
1447,09:30:00,3196.68,1
1448,09:30:00,3196.68,1
1449,09:30:00,3196.68,1
1450,09:30:00,3196.68,1
1451,09:30:00,3196.68,1
1452,09:30:00,3196.68,1
1453,09:30:00,3196.68,26
1454,09:30:00,3196.68,2
1455,09:30:00,3196.68,2
1456,09:30:00,3196.68,171
1457,09:30:00,3196.68,1
1458,09:30:00,3196.68,1
1459,09:30:00,3196.68,5
1460,09:30:00,3196.68,8
1461,09:30:00,3196.68,8
1462,09:30:00,3196.68,5
1463,09:30:00,3196.68,1
1464,09:30:00,3196.68,2
1465,09:30:00,3196.68,4
1466,09:30:00,3196.68,4
1467,09:30:00,3196.68,1
1468,09:30:00,3196.68,1
1469,09:30:00,3196.68,1
1470,09:30:00,3196.68,12
1471,09:30:00,3196.68,2
1472,09:30:00,3196.68,1
1473,09:30:00,3196.68,1
1474,09:30:00,3196.68,2
1475,09:30:00,3196.68,2
1476,09:30:00,3196.68,5
1477,09:30:00,3196.68,1
1478,09:30:00,3196.68,3
1479,09:30:00,3196.68,1
1480,09:30:00,3196.68,1
1481,09:30:00,3196.68,2
1482,09:30:00,3196.68,8
1483,09:30:00,3196.68,40
1484,09:30:00,3196.68,1
1485,09:30:00,3196.68,1
1486,09:30:00,3196.68,1
1487,09:30:00,3196.68,2
1488,09:30:00,3196.68,7
1489,09:30:00,3196.68,8
1490,09:30:00,3196.68,2
1491,09:30:00,3196.68,1
1492,09:30:00,3196.68,2
1493,09:30:00,3196.68,44
1494,09:30:00,3196.68,2
1495,09:30:00,3196.68,1
1496,09:30:00,3196.68,4
1497,09:30:00,3196.68,1800
1498,09:30:00,3196.68,126
1499,09:30:00,3196.68,15
1500,09:30:00,3196.68,1
1501,09:30:00,3196.68,2
1502,09:30:00,3196.68,8
1503,09:30:00,3196.68,40
1504,09:30:00,3196.68,1
1505,09:30:00,3196.68,1
1506,09:30:00,3196.68,1
1507,09:30:00,3196.68,2
1508,09:30:00,3196.68,7
1509,09:30:00,3196.68,8
1510,09:30:00,3196.68,2
1511,09:30:00,3196.68,1
1512,09:30:00,3196.68,2
1513,09:30:00,3196.68,44
1514,09:30:00,3196.68,2
1515,09:30:00,3196.68,1
1516,09:30:00,3196.68,4
1517,09:30:00,3196.68,1800
1518,09:30:00,3196.68,126
1519,09:30:00,3196.68,15
1520,09:30:00,3196.68,19
1521,09:30:00,3196.68,7
1522,09:30:00,3196.68,6
1523,09:30:00,3196.68,2
1524,09:30:00,3196.68,7
1525,09:30:00,3196.68,14
1526,09:30:00,3196.68,43
1527,09:30:00,3196.68,3
1528,09:30:00,3196.68,4
1529,09:30:00,3196.68,904
1530,09:30:00,3196.68,48
1531,09:30:00,3196.68,2
1532,09:30:00,3196.68,1
1533,09:30:00,3196.68,5
1534,09:30:00,3196.68,1
1535,09:30:00,3196.68,8
1536,09:30:00,3196.68,80
1537,09:30:00,3196.68,1
1538,09:30:00,3196.68,50
1539,09:30:00,3196.68,2
1540,09:30:00,3196.68,19
1541,09:30:00,3196.68,7
1542,09:30:00,3196.68,6
1543,09:30:00,3196.68,2
1544,09:30:00,3196.68,7
1545,09:30:00,3196.68,14
1546,09:30:00,3196.68,43
1547,09:30:00,3196.68,3
1548,09:30:00,3196.68,4
1549,09:30:00,3196.68,904
1550,09:30:00,3196.68,48
1551,09:30:00,3196.68,2
1552,09:30:00,3196.68,1
1553,09:30:00,3196.68,5
1554,09:30:00,3196.68,1
1555,09:30:00,3196.68,8
1556,09:30:00,3196.68,80
1557,09:30:00,3196.68,1
1558,09:30:00,3196.68,50
1559,09:30:00,3196.68,2
1560,09:30:00,3196.68,3
1561,09:30:00,3196.68,1
1562,09:30:00,3196.68,1
1563,09:30:00,3196.68,2
1564,09:30:00,3196.68,2
1565,09:30:00,3196.68,3
1566,09:30:00,3196.68,4
1567,09:30:00,3196.68,4
1568,09:30:00,3196.68,10
1569,09:30:00,3196.68,15
1570,09:30:00,3196.68,12
1571,09:30:00,3196.68,8
1572,09:30:00,3196.68,25
1573,09:30:00,3196.68,6
1574,09:30:00,3196.68,26
1575,09:30:00,3196.68,6
1576,09:30:00,3196.68,22
1577,09:30:00,3196.68,85
1578,09:30:00,3196.68,13
1579,09:30:00,3196.68,15
1580,09:30:00,3196.68,3
1581,09:30:00,3196.68,1
1582,09:30:00,3196.68,1
1583,09:30:00,3196.68,2
1584,09:30:00,3196.68,2
1585,09:30:00,3196.68,3
1586,09:30:00,3196.68,4
1587,09:30:00,3196.68,4
1588,09:30:00,3196.68,10
1589,09:30:00,3196.68,15
1590,09:30:00,3196.68,12
1591,09:30:00,3196.68,8
1592,09:30:00,3196.68,25
1593,09:30:00,3196.68,6
1594,09:30:00,3196.68,26
1595,09:30:00,3196.68,6
1596,09:30:00,3196.68,22
1597,09:30:00,3196.68,85
1598,09:30:00,3196.68,13
1599,09:30:00,3196.68,15
1600,09:30:00,3196.68,50
1601,09:30:00,3196.68,1
1602,09:30:00,3196.68,2
1603,09:30:00,3196.68,1
1604,09:30:00,3196.68,2
1605,09:30:00,3196.68,100
1606,09:30:00,3196.68,3
1607,09:30:00,3196.68,1
1608,09:30:00,3196.68,3
1609,09:30:00,3196.68,3
1610,09:30:00,3196.68,248
1611,09:30:00,3196.68,6
1612,09:30:00,3196.68,60
1613,09:30:00,3196.68,80
1614,09:30:00,3196.68,1
1615,09:30:00,3196.68,15
1616,09:30:00,3196.68,12
1617,09:30:00,3196.68,5
1618,09:30:00,3196.68,1
1619,09:30:00,3196.68,20
1620,09:30:00,3196.68,1
1621,09:30:00,3196.68,1
1622,09:30:00,3196.68,50
1623,09:30:00,3196.68,2
1624,09:30:00,3196.68,5
1625,09:30:00,3196.68,3
1626,09:30:00,3196.68,10
1627,09:30:00,3196.68,50
1628,09:30:00,3196.68,1
1629,09:30:00,3196.68,3
1630,09:30:00,3196.68,1
1631,09:30:00,3196.68,1
1632,09:30:00,3196.68,2
1633,09:30:00,3196.68,1
1634,09:30:00,3196.68,4
1635,09:30:00,3196.68,2
1636,09:30:00,3196.68,14
1637,09:30:00,3196.68,1
1638,09:30:00,3196.68,2
1639,09:30:00,3196.68,3
1640,09:30:00,3196.68,3
1641,09:30:00,3196.68,1
1642,09:30:00,3196.68,1
1643,09:30:00,3196.68,1
1644,09:30:00,3196.68,2
1645,09:30:00,3196.68,239
1646,09:30:00,3196.68,910
1647,09:30:00,3196.68,25
1648,09:30:00,3196.68,20
1649,09:30:00,3196.68,20
1650,09:30:00,3196.68,20
1651,09:30:00,3196.68,20
1652,09:30:00,3196.68,208
1653,09:30:00,3196.68,2
1654,09:30:00,3196.68,1
1655,09:30:00,3196.68,2
1656,09:30:00,3196.68,2
1657,09:30:00,3196.68,1
1658,09:30:00,3196.68,1
1659,09:30:00,3196.68,1
1660,09:30:00,3196.68,2
1661,09:30:00,3196.68,1
1662,09:30:00,3196.68,1
1663,09:30:00,3196.68,1
1664,09:30:00,3196.68,1
1665,09:30:00,3196.68,1
1666,09:30:00,3196.68,48
1667,09:30:00,3196.68,1
1668,09:30:00,3196.68,1
1669,09:30:00,3196.68,1
1670,09:30:00,3196.68,1
1671,09:30:00,3196.68,1
1672,09:30:00,3196.68,1
1673,09:30:00,3196.68,1
1674,09:30:00,3196.68,1
1675,09:30:00,3196.68,1
1676,09:30:00,3196.68,1
1677,09:30:00,3196.68,1
1678,09:30:00,3196.68,1
1679,09:30:00,3196.68,1
1680,09:30:00,3196.68,2
1681,09:30:00,3196.68,1
1682,09:30:00,3196.68,1
1683,09:30:00,3196.68,1
1684,09:30:00,3196.68,1
1685,09:30:00,3196.68,1
1686,09:30:00,3196.68,48
1687,09:30:00,3196.68,1
1688,09:30:00,3196.68,1
1689,09:30:00,3196.68,1
1690,09:30:00,3196.68,1
1691,09:30:00,3196.68,1
1692,09:30:00,3196.68,1
1693,09:30:00,3196.68,1
1694,09:30:00,3196.68,1
1695,09:30:00,3196.68,1
1696,09:30:00,3196.68,1
1697,09:30:00,3196.68,1
1698,09:30:00,3196.68,1
1699,09:30:00,3196.68,1
1700,09:30:00,3196.68,1
1701,09:30:00,3196.68,4
1702,09:30:00,3196.68,2
1703,09:30:00,3196.68,1
1704,09:30:00,3196.68,4
1705,09:30:00,3196.68,1
1706,09:30:00,3196.68,1
1707,09:30:00,3196.68,1
1708,09:30:00,3196.68,5
1709,09:30:00,3196.68,1
1710,09:30:00,3196.68,4
1711,09:30:00,3196.68,2
1712,09:30:00,3196.68,1
1713,09:30:00,3196.68,200
1714,09:30:00,3196.68,2
1715,09:30:00,3196.68,10
1716,09:30:00,3196.68,1
1717,09:30:00,3196.68,1
1718,09:30:00,3196.68,1
1719,09:30:00,3196.68,100
1720,09:30:00,3196.68,1
1721,09:30:00,3196.68,4
1722,09:30:00,3196.68,2
1723,09:30:00,3196.68,1
1724,09:30:00,3196.68,4
1725,09:30:00,3196.68,1
1726,09:30:00,3196.68,1
1727,09:30:00,3196.68,1
1728,09:30:00,3196.68,5
1729,09:30:00,3196.68,1
1730,09:30:00,3196.68,4
1731,09:30:00,3196.68,2
1732,09:30:00,3196.68,1
1733,09:30:00,3196.68,200
1734,09:30:00,3196.68,2
1735,09:30:00,3196.68,10
1736,09:30:00,3196.68,1
1737,09:30:00,3196.68,1
1738,09:30:00,3196.68,1
1739,09:30:00,3196.68,100
1740,09:30:00,3196.68,1
1741,09:30:00,3196.68,4
1742,09:30:00,3196.68,2
1743,09:30:00,3196.68,1
1744,09:30:00,3196.68,4
1745,09:30:00,3196.68,1
1746,09:30:00,3196.68,1
1747,09:30:00,3196.68,1
1748,09:30:00,3196.68,5
1749,09:30:00,3196.68,1
1750,09:30:00,3196.68,4
1751,09:30:00,3196.68,2
1752,09:30:00,3196.68,1
1753,09:30:00,3196.68,200
1754,09:30:00,3196.68,2
1755,09:30:00,3196.68,10
1756,09:30:00,3196.68,1
1757,09:30:00,3196.68,1
1758,09:30:00,3196.68,1
1759,09:30:00,3196.68,100
1760,09:30:00,3196.68,3
1761,09:30:00,3196.68,1
1762,09:30:00,3196.68,40
1763,09:30:00,3196.68,60
1764,09:30:00,3196.68,10
1765,09:30:00,3196.68,50
1766,09:30:00,3196.68,1
1767,09:30:00,3196.68,16
1768,09:30:00,3196.68,3
1769,09:30:00,3196.68,2
1770,09:30:00,3196.68,1
1771,09:30:00,3196.68,5
1772,09:30:00,3196.68,10
1773,09:30:00,3196.68,1
1774,09:30:00,3196.68,1
1775,09:30:00,3196.68,1
1776,09:30:00,3196.68,1
1777,09:30:00,3196.68,5
1778,09:30:00,3196.68,1
1779,09:30:00,3196.68,3
1780,09:30:00,3196.68,1
1781,09:30:00,3196.68,1
1782,09:30:00,3196.68,2
1783,09:30:00,3196.68,5
1784,09:30:00,3196.68,5
1785,09:30:00,3196.68,2
1786,09:30:00,3196.68,1
1787,09:30:00,3196.68,2
1788,09:30:00,3196.68,3
1789,09:30:00,3196.68,5
1790,09:30:00,3196.68,8
1791,09:30:00,3196.68,1
1792,09:30:00,3196.68,1
1793,09:30:00,3196.68,4
1794,09:30:00,3196.68,13
1795,09:30:00,3196.68,1
1796,09:30:00,3196.68,5
1797,09:30:00,3196.68,1
1798,09:30:00,3196.68,2
1799,09:30:00,3196.68,7
1800,09:30:00,3196.68,1
1801,09:30:00,3196.68,1
1802,09:30:00,3196.68,1
1803,09:30:00,3196.68,1
1804,09:30:00,3196.68,1
1805,09:30:00,3196.68,25
1806,09:30:00,3196.68,4
1807,09:30:00,3196.68,2
1808,09:30:00,3196.68,1
1809,09:30:00,3196.68,1
1810,09:30:00,3196.68,1
1811,09:30:00,3196.68,1
1812,09:30:00,3196.68,1
1813,09:30:00,3196.68,4
1814,09:30:00,3196.68,1
1815,09:30:00,3196.68,1
1816,09:30:00,3196.68,1
1817,09:30:00,3196.68,80
1818,09:30:00,3196.68,28
1819,09:30:00,3196.68,2
1820,09:30:00,3196.68,1
1821,09:30:00,3196.68,1
1822,09:30:00,3196.68,10
1823,09:30:00,3196.68,1
1824,09:30:00,3196.68,1
1825,09:30:00,3196.68,4
1826,09:30:00,3196.68,1
1827,09:30:00,3196.68,1
1828,09:30:00,3196.68,15
1829,09:30:00,3196.68,3
1830,09:30:00,3196.68,1
1831,09:30:00,3196.68,1
1832,09:30:00,3196.68,4
1833,09:30:00,3196.68,1
1834,09:30:00,3196.68,1
1835,09:30:00,3196.68,1
1836,09:30:00,3196.68,2
1837,09:30:00,3196.68,1
1838,09:30:00,3196.68,20
1839,09:30:00,3196.68,1
1840,09:30:00,3196.68,2
1841,09:30:00,3196.68,4
1842,09:30:00,3196.68,1
1843,09:30:00,3196.68,1
1844,09:30:00,3196.68,1
1845,09:30:00,3196.68,1
1846,09:30:00,3196.68,2
1847,09:30:00,3196.68,1
1848,09:30:00,3196.68,1
1849,09:30:00,3196.68,2
1850,09:30:00,3196.68,1
1851,09:30:00,3196.68,2
1852,09:30:00,3196.68,1
1853,09:30:00,3196.68,1
1854,09:30:00,3196.68,100
1855,09:30:00,3196.68,1
1856,09:30:00,3196.68,1
1857,09:30:00,3196.68,1
1858,09:30:00,3196.68,1
1859,09:30:00,3196.68,6
1860,09:30:00,3196.68,2
1861,09:30:00,3196.68,1
1862,09:30:00,3196.68,6
1863,09:30:00,3196.68,1
1864,09:30:00,3196.68,10
1865,09:30:00,3196.68,4
1866,09:30:00,3196.68,1
1867,09:30:00,3196.68,1
1868,09:30:00,3196.68,10
1869,09:30:00,3196.68,1
1870,09:30:00,3196.68,2
1871,09:30:00,3196.68,10
1872,09:30:00,3196.68,1
1873,09:30:00,3196.68,11
1874,09:30:00,3196.68,3
1875,09:30:00,3196.68,3
1876,09:30:00,3196.68,1
1877,09:30:00,3196.68,1
1878,09:30:00,3196.68,1
1879,09:30:00,3196.68,1
1880,09:30:00,3196.68,2
1881,09:30:00,3196.68,1
1882,09:30:00,3196.68,6
1883,09:30:00,3196.68,1
1884,09:30:00,3196.68,10
1885,09:30:00,3196.68,4
1886,09:30:00,3196.68,1
1887,09:30:00,3196.68,1
1888,09:30:00,3196.68,10
1889,09:30:00,3196.68,1
1890,09:30:00,3196.68,2
1891,09:30:00,3196.68,10
1892,09:30:00,3196.68,1
1893,09:30:00,3196.68,11
1894,09:30:00,3196.68,3
1895,09:30:00,3196.68,3
1896,09:30:00,3196.68,1
1897,09:30:00,3196.68,1
1898,09:30:00,3196.68,1
1899,09:30:00,3196.68,1
1900,09:30:00,3196.68,16
1901,09:30:00,3196.68,2
1902,09:30:00,3196.68,3
1903,09:30:00,3196.68,3
1904,09:30:00,3196.68,1
1905,09:30:00,3196.68,3
1906,09:30:00,3196.68,100
1907,09:30:00,3196.68,10
1908,09:30:00,3196.68,5
1909,09:30:00,3196.68,2
1910,09:30:00,3196.68,1
1911,09:30:00,3196.68,2
1912,09:30:00,3196.68,1
1913,09:30:00,3196.68,2
1914,09:30:00,3196.68,8
1915,09:30:00,3196.68,2
1916,09:30:00,3196.68,1
1917,09:30:00,3196.68,1
1918,09:30:00,3196.68,1
1919,09:30:00,3196.68,5
1920,09:30:00,3196.68,3
1921,09:30:00,3196.68,3
1922,09:30:00,3196.68,1
1923,09:30:00,3196.68,1
1924,09:30:00,3196.68,3
1925,09:30:00,3196.68,1
1926,09:30:00,3196.68,6
1927,09:30:00,3196.68,45
1928,09:30:00,3196.68,1
1929,09:30:00,3196.68,3
1930,09:30:00,3196.68,2
1931,09:30:00,3196.68,1
1932,09:30:00,3196.68,2
1933,09:30:00,3196.68,10
1934,09:30:00,3196.68,10
1935,09:30:00,3196.68,2
1936,09:30:00,3196.68,1
1937,09:30:00,3196.68,4
1938,09:30:00,3196.68,1
1939,09:30:00,3196.68,89
1940,09:30:00,3196.68,3
1941,09:30:00,3196.68,3
1942,09:30:00,3196.68,1
1943,09:30:00,3196.68,1
1944,09:30:00,3196.68,3
1945,09:30:00,3196.68,1
1946,09:30:00,3196.68,6
1947,09:30:00,3196.68,45
1948,09:30:00,3196.68,1
1949,09:30:00,3196.68,3
1950,09:30:00,3196.68,2
1951,09:30:00,3196.68,1
1952,09:30:00,3196.68,2
1953,09:30:00,3196.68,10
1954,09:30:00,3196.68,10
1955,09:30:00,3196.68,2
1956,09:30:00,3196.68,1
1957,09:30:00,3196.68,4
1958,09:30:00,3196.68,1
1959,09:30:00,3196.68,89
1960,09:30:00,3196.68,2
1961,09:30:00,3196.68,1
1962,09:30:00,3196.68,1
1963,09:30:00,3196.68,1
1964,09:30:00,3196.68,1
1965,09:30:00,3196.68,3
1966,09:30:00,3196.68,5
1967,09:30:00,3196.68,4
1968,09:30:00,3196.68,2
1969,09:30:00,3196.68,3
1970,09:30:00,3196.68,1
1971,09:30:00,3196.68,1
1972,09:30:00,3196.68,3
1973,09:30:00,3196.68,1
1974,09:30:00,3196.68,2
1975,09:30:00,3196.68,1
1976,09:30:00,3196.68,3
1977,09:30:00,3196.68,1
1978,09:30:00,3196.68,1
1979,09:30:00,3196.68,30
1980,09:30:00,3196.68,1
1981,09:30:00,3196.68,2
1982,09:30:00,3196.68,1
1983,09:30:00,3196.68,1
1984,09:30:00,3196.68,2
1985,09:30:00,3196.68,5
1986,09:30:00,3196.68,42
1987,09:30:00,3196.68,23
1988,09:30:00,3196.68,8
1989,09:30:00,3196.68,1
1990,09:30:00,3196.68,20
1991,09:30:00,3196.68,1
1992,09:30:00,3196.68,1
1993,09:30:00,3196.68,1
1994,09:30:00,3196.68,2
1995,09:30:00,3196.68,3
1996,09:30:00,3196.68,2
1997,09:30:00,3196.68,4
1998,09:30:00,3196.68,2
1999,09:30:00,3196.68,15
2000,09:30:00,3196.68,1
2001,09:30:00,3196.68,2
2002,09:30:00,3196.68,1
2003,09:30:00,3196.68,20
2004,09:30:00,3196.68,1
2005,09:30:00,3196.68,1
2006,09:30:00,3196.68,1
2007,09:30:00,3196.68,3
2008,09:30:00,3196.68,1
2009,09:30:00,3196.68,1
2010,09:30:00,3196.68,1
2011,09:30:00,3196.68,10
2012,09:30:00,3196.68,1
2013,09:30:00,3196.68,2
2014,09:30:00,3196.68,8
2015,09:30:00,3196.68,2
2016,09:30:00,3196.68,1
2017,09:30:00,3196.68,2
2018,09:30:00,3196.68,1
2019,09:30:00,3196.68,1
2020,09:30:00,3196.68,5
2021,09:30:00,3196.68,1
2022,09:30:00,3196.68,4
2023,09:30:00,3196.68,4
2024,09:30:00,3196.68,1
2025,09:30:00,3196.68,5
2026,09:30:00,3196.68,1
2027,09:30:00,3196.68,1
2028,09:30:00,3196.68,10
2029,09:30:00,3196.68,1
2030,09:30:00,3196.68,4
2031,09:30:00,3196.68,1
2032,09:30:00,3196.68,1
2033,09:30:00,3196.68,10
2034,09:30:00,3196.68,4
2035,09:30:00,3196.68,3
2036,09:30:00,3196.68,1
2037,09:30:00,3196.68,1
2038,09:30:00,3196.68,3
2039,09:30:00,3196.68,2
2040,09:30:00,3196.68,1
2041,09:30:00,3196.68,3
2042,09:30:00,3196.68,1
2043,09:30:00,3196.68,1
2044,09:30:00,3196.68,10
2045,09:30:00,3196.68,1
2046,09:30:00,3196.68,1
2047,09:30:00,3196.68,1
2048,09:30:00,3196.68,1
2049,09:30:00,3196.68,1
2050,09:30:00,3196.68,1
2051,09:30:00,3196.68,6
2052,09:30:00,3196.68,1
2053,09:30:00,3196.68,1
2054,09:30:00,3196.68,1
2055,09:30:00,3196.68,6
2056,09:30:00,3196.68,4
2057,09:30:00,3196.68,8
2058,09:30:00,3196.68,3
2059,09:30:00,3196.68,1
2060,09:30:00,3196.68,20
2061,09:30:00,3196.68,22
2062,09:30:00,3196.68,1
2063,09:30:00,3196.68,5
2064,09:30:00,3196.68,1
2065,09:30:00,3196.68,2
2066,09:30:00,3196.68,1
2067,09:30:00,3196.68,50
2068,09:30:00,3196.68,1
2069,09:30:00,3196.68,1
2070,09:30:00,3196.68,42
2071,09:30:00,3196.68,500
2072,09:30:00,3196.68,9
2073,09:30:00,3196.68,7
2074,09:30:00,3196.68,1
2075,09:30:00,3196.68,13
2076,09:30:00,3196.68,10
2077,09:30:00,3196.68,10
2078,09:30:00,3196.68,10
2079,09:30:00,3196.68,1
2080,09:30:00,3196.68,2
2081,09:30:00,3196.68,1
2082,09:30:00,3196.68,25
2083,09:30:00,3196.68,16
2084,09:30:00,3196.68,2
2085,09:30:00,3196.68,1
2086,09:30:00,3196.68,1
2087,09:30:00,3196.68,1
2088,09:30:00,3196.68,1
2089,09:30:00,3196.68,1
2090,09:30:00,3196.68,1
2091,09:30:00,3196.68,1
2092,09:30:00,3196.68,5
2093,09:30:00,3196.68,16
2094,09:30:00,3196.68,1
2095,09:30:00,3196.68,2
2096,09:30:00,3196.68,1
2097,09:30:00,3196.68,1
2098,09:30:00,3196.68,2
2099,09:30:00,3196.68,1
2100,09:30:00,3196.68,10
2101,09:30:00,3196.68,1
2102,09:30:00,3196.68,1
2103,09:30:00,3196.68,2
2104,09:30:00,3196.68,5
2105,09:30:00,3196.68,1
2106,09:30:00,3196.68,10
2107,09:30:00,3196.68,1
2108,09:30:00,3196.68,31
2109,09:30:00,3196.68,15
2110,09:30:00,3196.68,94
2111,09:30:00,3196.68,49
2112,09:30:00,3196.68,137
2113,09:30:00,3196.68,1
2114,09:30:00,3196.68,4
2115,09:30:00,3196.68,12
2116,09:30:00,3196.68,17
2117,09:30:00,3196.68,1
2118,09:30:00,3196.68,718
2119,09:30:00,3196.68,1
2120,09:30:00,3196.68,12
2121,09:30:00,3196.68,1
2122,09:30:00,3196.68,2
2123,09:30:00,3196.68,3
2124,09:30:00,3196.68,1
2125,09:30:00,3196.68,11
2126,09:30:00,3196.68,1
2127,09:30:00,3196.68,5
2128,09:30:00,3196.68,3
2129,09:30:00,3196.68,1
2130,09:30:00,3196.68,3
2131,09:30:00,3196.68,1
2132,09:30:00,3196.68,1
2133,09:30:00,3196.68,1
2134,09:30:00,3196.68,1
2135,09:30:00,3196.68,1
2136,09:30:00,3196.68,10
2137,09:30:00,3196.68,3
2138,09:30:00,3196.68,200
2139,09:30:00,3196.68,3
2140,09:30:00,3196.68,12
2141,09:30:00,3196.68,1
2142,09:30:00,3196.68,2
2143,09:30:00,3196.68,3
2144,09:30:00,3196.68,1
2145,09:30:00,3196.68,11
2146,09:30:00,3196.68,1
2147,09:30:00,3196.68,5
2148,09:30:00,3196.68,3
2149,09:30:00,3196.68,1
2150,09:30:00,3196.68,3
2151,09:30:00,3196.68,1
2152,09:30:00,3196.68,1
2153,09:30:00,3196.68,1
2154,09:30:00,3196.68,1
2155,09:30:00,3196.68,1
2156,09:30:00,3196.68,10
2157,09:30:00,3196.68,3
2158,09:30:00,3196.68,200
2159,09:30:00,3196.68,3
2160,09:30:00,3196.68,1
2161,09:30:00,3196.68,3
2162,09:30:00,3196.68,2
2163,09:30:00,3196.68,1
2164,09:30:00,3196.68,1
2165,09:30:00,3196.68,1
2166,09:30:00,3196.68,3
2167,09:30:00,3196.68,2
2168,09:30:00,3196.68,2
2169,09:30:00,3196.68,1
2170,09:30:00,3196.68,1
2171,09:30:00,3196.68,2
2172,09:30:00,3196.68,1
2173,09:30:00,3196.68,14
2174,09:30:00,3196.68,3
2175,09:30:00,3196.68,3
2176,09:30:00,3196.68,1
2177,09:30:00,3196.68,8
2178,09:30:00,3196.68,1
2179,09:30:00,3196.68,25
2180,09:30:00,3196.68,1
2181,09:30:00,3196.68,3
2182,09:30:00,3196.68,2
2183,09:30:00,3196.68,1
2184,09:30:00,3196.68,1
2185,09:30:00,3196.68,1
2186,09:30:00,3196.68,3
2187,09:30:00,3196.68,2
2188,09:30:00,3196.68,2
2189,09:30:00,3196.68,1
2190,09:30:00,3196.68,1
2191,09:30:00,3196.68,2
2192,09:30:00,3196.68,1
2193,09:30:00,3196.68,14
2194,09:30:00,3196.68,3
2195,09:30:00,3196.68,3
2196,09:30:00,3196.68,1
2197,09:30:00,3196.68,8
2198,09:30:00,3196.68,1
2199,09:30:00,3196.68,25
2200,09:30:00,3196.68,1
2201,09:30:00,3196.68,3
2202,09:30:00,3196.68,2
2203,09:30:00,3196.68,1
2204,09:30:00,3196.68,1
2205,09:30:00,3196.68,1
2206,09:30:00,3196.68,3
2207,09:30:00,3196.68,2
2208,09:30:00,3196.68,2
2209,09:30:00,3196.68,1
2210,09:30:00,3196.68,1
2211,09:30:00,3196.68,2
2212,09:30:00,3196.68,1
2213,09:30:00,3196.68,14
2214,09:30:00,3196.68,3
2215,09:30:00,3196.68,3
2216,09:30:00,3196.68,1
2217,09:30:00,3196.68,8
2218,09:30:00,3196.68,1
2219,09:30:00,3196.68,25
2220,09:30:00,3196.68,1
2221,09:30:00,3196.68,1
2222,09:30:00,3196.68,1
2223,09:30:00,3196.68,1
2224,09:30:00,3196.68,7
2225,09:30:00,3196.68,2
2226,09:30:00,3196.68,15
2227,09:30:00,3196.68,1
2228,09:30:00,3196.68,1
2229,09:30:00,3196.68,3
2230,09:30:00,3196.68,5
2231,09:30:00,3196.68,2
2232,09:30:00,3196.68,1
2233,09:30:00,3196.68,1
2234,09:30:00,3196.68,2
2235,09:30:00,3196.68,3
2236,09:30:00,3196.68,1
2237,09:30:00,3196.68,5
2238,09:30:00,3196.68,2
2239,09:30:00,3196.68,1
2240,09:30:00,3196.68,1
2241,09:30:00,3196.68,1
2242,09:30:00,3196.68,3
2243,09:30:00,3196.68,1
2244,09:30:00,3196.68,5
2245,09:30:00,3196.68,1
2246,09:30:00,3196.68,2
2247,09:30:00,3196.68,1
2248,09:30:00,3196.68,1
2249,09:30:00,3196.68,1
2250,09:30:00,3196.68,2
2251,09:30:00,3196.68,10
2252,09:30:00,3196.68,1
2253,09:30:00,3196.68,50
2254,09:30:00,3196.68,1
2255,09:30:00,3196.68,399
2256,09:30:00,3196.68,1
2257,09:30:00,3196.68,1
2258,09:30:00,3196.68,1
2259,09:30:00,3196.68,3
2260,09:30:00,3196.68,2
2261,09:30:00,3196.68,1
2262,09:30:00,3196.68,6
2263,09:30:00,3196.68,1
2264,09:30:00,3196.68,1
2265,09:30:00,3196.68,5
2266,09:30:00,3196.68,2
2267,09:30:00,3196.68,5
2268,09:30:00,3196.68,1
2269,09:30:00,3196.68,2
2270,09:30:00,3196.68,3
2271,09:30:00,3196.68,1
2272,09:30:00,3196.68,10
2273,09:30:00,3196.68,8
2274,09:30:00,3196.68,1
2275,09:30:00,3196.68,4
2276,09:30:00,3196.68,3
2277,09:30:00,3196.68,2
2278,09:30:00,3196.68,3
2279,09:30:00,3196.68,1
2280,09:30:00,3196.68,4
2281,09:30:00,3196.68,5
2282,09:30:00,3196.68,4
2283,09:30:00,3196.68,1
2284,09:30:00,3196.68,4
2285,09:30:00,3196.68,1
2286,09:30:00,3196.68,1
2287,09:30:00,3196.68,1
2288,09:30:00,3196.68,3
2289,09:30:00,3196.68,5
2290,09:30:00,3196.68,10
2291,09:30:00,3196.68,3
2292,09:30:00,3196.68,20
2293,09:30:00,3196.68,5
2294,09:30:00,3196.68,10
2295,09:30:00,3196.68,1
2296,09:30:00,3196.68,5
2297,09:30:00,3196.68,1
2298,09:30:00,3196.68,10
2299,09:30:00,3196.68,10
2300,09:30:00,3196.68,4
2301,09:30:00,3196.68,5
2302,09:30:00,3196.68,4
2303,09:30:00,3196.68,1
2304,09:30:00,3196.68,4
2305,09:30:00,3196.68,1
2306,09:30:00,3196.68,1
2307,09:30:00,3196.68,1
2308,09:30:00,3196.68,3
2309,09:30:00,3196.68,5
2310,09:30:00,3196.68,10
2311,09:30:00,3196.68,3
2312,09:30:00,3196.68,20
2313,09:30:00,3196.68,5
2314,09:30:00,3196.68,10
2315,09:30:00,3196.68,1
2316,09:30:00,3196.68,5
2317,09:30:00,3196.68,1
2318,09:30:00,3196.68,10
2319,09:30:00,3196.68,10
2320,09:30:00,3196.68,3
2321,09:30:00,3196.68,6
2322,09:30:00,3196.68,10
2323,09:30:00,3196.68,1
2324,09:30:00,3196.68,2
2325,09:30:00,3196.68,2
2326,09:30:00,3196.68,1
2327,09:30:00,3196.68,2
2328,09:30:00,3196.68,1
2329,09:30:00,3196.68,6
2330,09:30:00,3196.68,1
2331,09:30:00,3196.68,10
2332,09:30:00,3196.68,6
2333,09:30:00,3196.68,2
2334,09:30:00,3196.68,1
2335,09:30:00,3196.68,1
2336,09:30:00,3196.68,3
2337,09:30:00,3196.68,19
2338,09:30:00,3196.68,10
2339,09:30:00,3196.68,5
2340,09:30:00,3196.68,1
2341,09:30:00,3196.68,1
2342,09:30:00,3196.68,30
2343,09:30:00,3196.68,1
2344,09:30:00,3196.68,5
2345,09:30:00,3196.68,1
2346,09:30:00,3196.68,1
2347,09:30:00,3196.68,1
2348,09:30:00,3196.68,1
2349,09:30:00,3196.68,1
2350,09:30:00,3196.68,1
2351,09:30:00,3196.68,12
2352,09:30:00,3196.68,18
2353,09:30:00,3196.68,1
2354,09:30:00,3196.68,1
2355,09:30:00,3196.68,1
2356,09:30:00,3196.68,7
2357,09:30:00,3196.68,1
2358,09:30:00,3196.68,3
2359,09:30:00,3196.68,40
2360,09:30:00,3196.68,23
2361,09:30:00,3198.0,100
2362,09:30:00,3196.68,3
2363,10:29:53,3196.63,117
2364,10:29:41,3196.99,138
2365,10:29:41,3197.12,100
2366,10:29:06,3197.3,100
2367,10:29:02,3197.58,100
2368,10:28:54,3197.78,138
2369,10:28:54,3197.59,100
2370,10:28:41,3196.915,100
2371,10:28:13,3198.58,100
2372,10:28:11,3198.53,100
2373,10:27:59,3196.84,100
2374,10:27:56,3196.84,100
2375,10:27:43,3197.205,100
2376,10:27:23,3197.5985,150
2377,10:27:18,3198.949,100
2378,10:27:13,3198.97,100
2379,10:26:55,3198.7,100
2380,10:26:42,3199.09,100
2381,10:25:39,3201.086,100
2382,10:25:39,3201.105,200
2383,10:25:39,3201.01,100
2384,10:25:16,3199.83,100
2385,10:25:10,3200.2406,312
2386,10:25:10,3199.83,100
2387,10:25:10,3200.15,100
2388,10:24:59,3198.8,100
2389,10:24:50,3198.2,100
2390,10:24:50,3198.852,482
2391,10:24:24,3197.1298,400
2392,10:24:23,3197.78,100
2393,10:24:22,3198.0,100
2394,10:24:07,3197.66,100
2395,10:24:04,3197.83,100
2396,10:23:54,3198.31,100
2397,10:23:53,3198.57,400
2398,10:23:53,3198.31,100
2399,10:23:24,3198.1,100
2400,10:23:20,3197.71,100
2401,10:22:47,3197.35,100
2402,10:21:59,3197.56,100
2403,10:21:28,3196.605,100
2404,10:21:16,3196.58,100
2405,10:20:17,3194.77,100
2406,10:20:16,3194.615,100
2407,10:20:08,3194.385,100
2408,10:20:08,3194.385,100
2409,10:20:08,3194.4875,100
2410,10:20:08,3194.6125,100
2411,10:19:50,3194.2872,100
2412,10:19:49,3195.3999,100
2413,10:19:17,3194.0,200
2414,10:19:03,3194.51,100
2415,10:19:01,3194.03,100
2416,10:19:00,3194.545,100
2417,10:19:00,3195.0,100
2418,10:19:00,3195.0,177
2419,10:19:00,3195.09,100
2420,10:18:57,3195.125,100
2421,10:18:42,3195.1,100
2422,10:18:29,3195.51,100
2423,10:18:26,3194.88,100
2424,10:18:22,3196.0,145
2425,10:18:22,3196.0,154
2426,10:18:21,3196.5,100
2427,10:18:07,3195.55,100
2428,10:17:57,3195.62,100
2429,10:17:42,3194.34,100
2430,10:17:24,3193.2234,200
2431,10:17:03,3195.76,100
2432,10:17:00,3195.9894,100
2433,10:16:53,3194.92,100
2434,10:16:52,3194.6963,100
2435,10:16:28,3194.1725,100
2436,10:16:18,3194.44,100
2437,10:16:13,3194.05,110
2438,10:16:08,3194.7825,100
2439,10:16:07,3193.8569,100
2440,10:15:50,3194.64,100
2441,10:15:42,3194.87,200
2442,10:15:24,3194.935,100
2443,10:15:08,3194.5,100
2444,10:14:11,3196.47,100
2445,10:13:51,3195.96,100
2446,10:13:39,3195.775,100
2447,10:13:39,3195.43,100
2448,10:13:07,3194.175,100
2449,10:13:07,3194.375,100
2450,10:12:27,3194.9,174
2451,10:12:23,3194.5,100
2452,10:12:21,3194.44,100
2453,10:12:05,3194.165,100
2454,10:12:05,3194.165,100
2455,10:12:05,3194.165,100
2456,10:12:05,3194.165,100
2457,10:12:04,3194.1617,300
2458,10:12:03,3194.0,900
2459,10:12:03,3194.0,124
2460,10:12:03,3194.0,100
2461,10:12:00,3194.67,100
2462,10:12:00,3194.615,100
2463,10:11:34,3194.67,100
2464,10:11:30,3195.0,100
2465,10:11:26,3195.116,100
2466,10:11:26,3195.0,100
2467,10:11:26,3195.0,100
2468,10:11:25,3195.3,387
2469,10:11:25,3195.0,100
2470,10:11:25,3195.0,328
2471,10:11:25,3195.28,100
2472,10:11:03,3196.08,100
2473,10:10:51,3195.97,200
2474,10:10:51,3196.08,100
2475,10:10:41,3196.09,100
2476,10:10:41,3196.09,100
2477,10:10:21,3196.0,200
2478,10:10:21,3196.01,100
2479,10:10:12,3195.22,100
2480,10:10:11,3195.55,125
2481,10:09:57,3195.88,100
2482,10:09:57,3195.88,100
2483,10:09:54,3197.0,100
2484,10:09:42,3196.965,100
2485,10:09:42,3196.965,100
2486,10:09:29,3196.08,100
2487,10:09:27,3195.845,100
2488,10:09:27,3195.845,100
2489,10:09:27,3195.845,100
2490,10:09:27,3196.555,100
2491,10:09:20,3196.89,100
2492,10:09:19,3196.65,100
2493,10:09:19,3196.65,100
2494,10:09:19,3197.0,100
2495,10:09:17,3196.65,100
2496,10:09:17,3196.66,100
2497,10:09:17,3196.55,100
2498,10:09:17,3196.83,100
2499,10:09:10,3196.545,100
2500,10:08:56,3197.29,100
2501,10:08:55,3196.712,124
2502,10:08:53,3197.16,100
2503,10:08:53,3197.3,103
2504,10:08:53,3197.3,103
2505,10:08:53,3197.3,103
2506,10:08:53,3197.3,100
2507,10:08:53,3197.3,103
2508,10:08:50,3196.712,182
2509,10:08:42,3196.85,100
2510,10:08:42,3196.85,100
2511,10:08:04,3197.55,100
2512,10:08:00,3197.11,100
2513,10:07:53,3197.2,100
2514,10:07:53,3197.38,100
2515,10:07:44,3197.83,200
2516,10:07:43,3197.9,100
2517,10:07:38,3198.21,100
2518,10:07:10,3199.74,100
2519,10:06:42,3199.1631,100
2520,10:06:36,3198.7689,100
2521,10:06:26,3199.9,100
2522,10:06:26,3199.99,100
2523,10:06:26,3200.0,300
2524,10:06:23,3199.34,100
2525,10:06:23,3199.34,104
2526,10:06:22,3199.9099,312
2527,10:06:22,3199.155,100
2528,10:06:22,3199.82,100
2529,10:06:22,3199.8,100
2530,10:06:22,3199.15,100
2531,10:06:21,3199.83,100
2532,10:06:16,3199.4074,759
2533,10:06:00,3199.51,100
2534,10:05:47,3198.39,100
2535,10:05:28,3197.335,100
2536,10:05:28,3197.3825,100
2537,10:05:24,3196.82,100
2538,10:05:20,3197.78,100
2539,10:05:20,3197.5,100
2540,10:05:15,3196.5,100
2541,10:05:02,3198.0,100
2542,10:04:50,3198.79,200
2543,10:04:39,3198.6,100
2544,10:04:25,3199.59,100
2545,10:04:25,3199.643,500
2546,10:04:19,3199.0,100
2547,10:04:12,3198.92,100
2548,10:04:11,3198.32,100
2549,10:04:11,3198.92,100
2550,10:04:10,3199.0,100
2551,10:04:02,3199.32,100
2552,10:03:59,3199.255,100
2553,10:03:50,3198.39,100
2554,10:03:44,3198.0095,150
2555,10:03:39,3197.87,100
2556,10:03:39,3196.925,100
2557,10:03:39,3197.77,100
2558,10:03:31,3198.0,1000
2559,10:03:31,3197.56,100
2560,10:03:24,3197.8799,100
2561,10:03:15,3198.0,200
2562,10:03:15,3198.0,200
2563,10:03:15,3198.0,100
2564,10:03:11,3197.67,100
2565,10:03:06,3198.1866,150
2566,10:03:02,3196.64,100
2567,10:03:01,3196.06,100
2568,10:02:57,3196.26,100
2569,10:02:55,3196.2,100
2570,10:02:48,3195.558,482
2571,10:02:43,3196.2,100
2572,10:02:43,3196.17,100
2573,10:02:43,3196.2,100
2574,10:02:43,3195.21,100
2575,10:02:36,3196.0288,100
2576,10:02:34,3195.6,100
2577,10:02:28,3195.6,100
2578,10:02:15,3195.2373,500
2579,10:02:08,3195.4,300
2580,10:02:08,3196.07,100
2581,10:02:07,3196.1,100
2582,10:02:07,3196.535,100
2583,10:02:07,3196.66,100
2584,10:02:07,3196.1,100
2585,10:02:07,3196.1,100
2586,10:02:07,3196.1,100
2587,10:02:06,3196.735,100
2588,10:02:06,3195.5775,100
2589,10:02:03,3196.0,100
2590,10:02:03,3196.01,100
2591,10:02:03,3195.8325,100
2592,10:02:03,3196.055,100
2593,10:02:03,3196.11,100
2594,10:02:03,3196.11,100
2595,10:02:03,3196.0,100
2596,10:02:03,3196.09,100
2597,10:02:03,3196.09,100
2598,10:02:03,3196.065,100
2599,10:02:03,3196.04,100
2600,10:02:03,3195.555,100
2601,10:02:01,3195.1,100
2602,10:02:01,3195.1,100
2603,10:02:07,3196.66,100
2604,10:02:07,3196.1,100
2605,10:02:07,3196.1,100
2606,10:02:07,3196.1,100
2607,10:02:06,3196.735,100
2608,10:02:06,3195.5775,100
2609,10:02:03,3196.0,100
2610,10:02:03,3196.01,100
2611,10:02:03,3195.8325,100
2612,10:02:03,3196.055,100
2613,10:02:03,3196.11,100
2614,10:02:03,3196.11,100
2615,10:02:03,3196.0,100
2616,10:02:03,3196.09,100
2617,10:02:03,3196.09,100
2618,10:02:03,3196.065,100
2619,10:02:03,3196.04,100
2620,10:02:03,3195.555,100
2621,10:02:01,3195.1,100
2622,10:02:01,3195.1,100
2623,10:01:51,3196.6,100
2624,10:01:50,3196.05,100
2625,10:01:50,3196.05,100
2626,10:01:48,3195.795,100
2627,10:01:48,3195.795,100
2628,10:01:40,3196.0,900
2629,10:01:31,3196.423,176
2630,10:01:28,3196.46,100
2631,10:01:17,3198.392,200
2632,10:01:10,3198.05,100
2633,10:01:10,3198.18,100
2634,10:01:10,3198.2,100
2635,10:01:10,3198.24,100
2636,10:01:09,3198.2,100
2637,10:01:09,3198.18,100
2638,10:01:09,3198.23,100
2639,10:01:09,3198.36,100
2640,10:01:09,3198.23,100
2641,10:01:09,3198.26,100
2642,10:00:56,3198.965,100
2643,10:59:52,3203.45,100
2644,10:59:50,3204.22,125
2645,10:59:48,3204.925,100
2646,10:59:46,3204.51,100
2647,10:59:42,3204.0,100
2648,10:59:36,3203.94,100
2649,10:59:33,3204.07,100
2650,10:59:31,3204.87,100
2651,10:59:18,3203.0,100
2652,10:59:17,3202.85,100
2653,10:59:17,3202.94,100
2654,10:59:17,3202.23,100
2655,10:59:14,3202.42,100
2656,10:59:07,3201.725,100
2657,10:59:07,3201.11,100
2658,10:59:07,3201.09,100
2659,10:59:07,3201.09,100
2660,10:59:04,3201.18,100
2661,10:59:04,3201.17,100
2662,10:59:04,3201.17,100
2663,10:58:43,3201.53,100
2664,10:58:43,3201.53,100
2665,10:58:43,3201.52,100
2666,10:58:43,3201.27,100
2667,10:58:43,3201.54,100
2668,10:58:39,3201.57,100
2669,10:58:35,3201.27,100
2670,10:58:35,3202.095,100
2671,10:58:32,3202.26,100
2672,10:57:38,3202.3,100
2673,10:57:38,3202.02,100
2674,10:57:21,3202.405,100
2675,10:57:18,3202.675,100
2676,10:57:07,3202.96,100
2677,10:56:55,3202.605,100
2678,10:56:41,3203.21,100
2679,10:56:19,3203.4,100
2680,10:56:17,3202.9092,500
2681,10:56:17,3203.0,104
2682,10:56:17,3203.0,100
2683,10:56:17,3203.0,100
2684,10:56:17,3203.0,200
2685,10:56:17,3202.9899,150
2686,10:56:07,3202.2401,482
2687,10:55:54,3202.0,100
2688,10:55:14,3201.44,100
2689,10:55:07,3201.38,100
2690,10:54:41,3201.62,100
2691,10:54:37,3202.6292,100
2692,10:54:26,3203.0,100
2693,10:53:55,3202.18,100
2694,10:53:53,3201.84,100
2695,10:53:36,3201.385,100
2696,10:53:19,3201.52,100
2697,10:53:11,3202.195,100
2698,10:52:50,3202.99,100
2699,10:52:48,3201.5201,100
2700,10:52:15,3202.0,150
2701,10:51:49,3201.575,200
2702,10:51:46,3202.035,100
2703,10:51:39,3200.64,200
2704,10:51:29,3201.62,100
2705,10:51:26,3201.8,100
2706,10:51:26,3201.5507,150
2707,10:51:26,3201.78,100
2708,10:51:26,3201.39,100
2709,10:51:26,3201.24,100
2710,10:51:26,3201.7973,100
2711,10:51:15,3201.62,100
2712,10:51:15,3201.21,100
2713,10:51:07,3201.7,100
2714,10:51:06,3201.0,200
2715,10:50:54,3200.0,294
2716,10:50:53,3199.1,100
2717,10:50:11,3199.07,100
2718,10:50:00,3200.0,100
2719,10:49:32,3197.91,300
2720,10:48:42,3197.37,100
2721,10:48:38,3197.0,100
2722,10:48:37,3197.0345,200
2723,10:48:37,3197.03,100
2724,10:48:37,3197.5,370
2725,10:48:37,3197.0038,200
2726,10:48:37,3197.05,100
2727,10:48:37,3197.03,100
2728,10:48:37,3197.03,100
2729,10:48:23,3198.47,100
2730,10:48:09,3198.24,100
2731,10:47:39,3198.375,100
2732,10:47:08,3199.185,200
2733,10:46:47,3197.925,100
2734,10:46:43,3198.24,138
2735,10:45:55,3198.1913,100
2736,10:45:31,3197.5,100
2737,10:45:08,3198.595,100
2738,10:44:12,3199.685,100
2739,10:43:15,3200.82,100
2740,10:42:35,3200.355,100
2741,10:42:34,3200.899,261
2742,10:42:33,3200.46,100
2743,10:42:01,3201.71,100
2744,10:41:41,3201.44,100
2745,10:41:41,3201.58,100
2746,10:41:26,3201.02,100
2747,10:41:02,3201.755,100
2748,10:41:00,3202.205,100
2749,10:40:52,3202.065,100
2750,10:40:52,3201.21,100
2751,10:40:52,3201.27,100
2752,10:40:31,3200.93,184
2753,10:40:31,3200.92,100
2754,10:40:30,3201.0,400
2755,10:40:30,3201.0,100
2756,10:40:30,3200.5,100
2757,10:40:22,3200.52,155
2758,10:40:21,3200.09,100
2759,10:40:21,3200.685,100
2760,10:40:20,3200.52,100
2761,10:40:20,3199.755,100
2762,10:40:16,3199.69,100
2763,10:40:16,3199.07,100
2764,10:40:15,3199.69,100
2765,10:40:12,3199.69,100
2766,10:40:08,3199.94,150
2767,10:40:08,3199.5,100
2768,10:39:59,3199.755,100
2769,10:39:55,3199.9862,109
2770,10:39:35,3199.485,100
2771,10:39:35,3199.485,200
2772,10:39:34,3199.4,100
2773,10:39:15,3199.42,100
2774,10:39:07,3199.44,100
2775,10:39:02,3198.34,100
2776,10:38:59,3199.07,100
2777,10:38:59,3198.82,200
2778,10:38:47,3199.315,100
2779,10:38:47,3199.39,100
2780,10:38:34,3200.4,100
2781,10:38:34,3199.84,100
2782,10:38:19,3199.795,100
2783,10:37:58,3200.79,250
2784,10:37:28,3200.0,100
2785,10:37:28,3199.66,100
2786,10:37:28,3199.75,100
2787,10:37:28,3197.6291,400
2788,10:37:24,3199.2268,100
2789,10:37:23,3198.48,300
2790,10:37:01,3198.2,100
2791,10:36:43,3199.3,100
2792,10:36:43,3198.66,100
2793,10:36:22,3198.6869,200
2794,10:36:20,3198.5101,100
2795,10:36:06,3199.36,100
2796,10:36:06,3199.5,100
2797,10:36:03,3199.5,100
2798,10:36:03,3199.63,100
2799,10:36:03,3199.995,100
2800,10:36:03,3200.01,100
2801,10:36:03,3199.5,146
2802,10:36:03,3199.5,100
2803,10:36:03,3199.89,100
2804,10:36:03,3199.89,100
2805,10:36:03,3199.69,100
2806,10:36:03,3199.84,100
2807,10:36:03,3199.67,100
2808,10:36:03,3200.01,100
2809,10:35:52,3200.0,100
2810,10:35:17,3198.69,100
2811,10:34:58,3197.0,100
2812,10:34:58,3196.69,100
2813,10:34:58,3196.795,100
2814,10:34:58,3196.7425,100
2815,10:34:58,3196.795,100
2816,10:34:58,3196.795,100
2817,10:34:58,3196.755,100
2818,10:34:58,3196.8,100
2819,10:34:58,3196.34,100
2820,10:34:58,3196.8,100
2821,10:34:52,3196.7,100
2822,10:34:46,3196.575,100
2823,10:34:46,3196.66,100
2824,10:34:34,3197.35,100
2825,10:34:34,3197.31,100
2826,10:34:28,3197.17,100
2827,10:34:15,3196.92,100
2828,10:34:15,3196.76,100
2829,10:34:15,3196.5,1000
2830,10:33:24,3197.37,100
2831,10:33:24,3196.86,100
2832,10:33:03,3197.39,100
2833,10:33:02,3197.39,100
2834,10:33:02,3197.1,100
2835,10:32:51,3196.673,496
2836,10:32:44,3197.2007,270
2837,10:31:51,3196.37,100
2838,10:31:51,3196.46,100
2839,10:31:51,3196.46,100
2840,10:31:50,3195.5484,109
2841,10:31:50,3195.5484,147
2842,10:31:50,3195.5484,244
2843,10:31:50,3196.53,100
2844,10:31:50,3196.55,149
2845,10:31:36,3195.65,100
2846,10:31:26,3196.45,150
2847,10:31:06,3195.72,100
2848,10:30:25,3196.7,100
2849,10:30:20,3197.12,100
2850,10:30:03,3197.34,100
2851,11:29:59,3192.2,100
2852,11:29:59,3192.2,100
2853,11:28:42,3193.03,100
2854,11:27:57,3192.1722,100
2855,11:27:42,3192.1,100
2856,11:27:25,3192.39,100
2857,11:27:24,3192.7,100
2858,11:27:23,3192.86,100
2859,11:27:21,3192.7,100
2860,11:27:21,3192.7,100
2861,11:27:17,3192.7,100
2862,11:27:00,3192.6525,400
2863,11:27:00,3193.0,279
2864,11:26:49,3193.725,100
2865,11:26:11,3193.1866,200
2866,11:26:07,3194.9264,236
2867,11:25:51,3194.75,100
2868,11:25:36,3194.17,100
2869,11:25:34,3194.54,100
2870,11:25:25,3194.2901,100
2871,11:25:23,3194.46,100
2872,11:25:16,3194.46,156
2873,11:24:09,3193.59,100
2874,11:24:00,3192.48,100
2875,11:23:51,3192.95,100
2876,11:23:42,3193.58,226
2877,11:23:30,3192.67,100
2878,11:23:23,3192.005,600
2879,11:23:23,3192.31,100
2880,11:23:23,3192.31,100
2881,11:23:16,3192.6,100
2882,11:21:32,3196.0,242
2883,11:21:30,3195.41,100
2884,11:21:20,3195.624,100
2885,11:21:20,3195.44,100
2886,11:21:20,3195.31,100
2887,11:21:20,3195.3318,100
2888,11:21:15,3195.06,100
2889,11:20:51,3196.1662,100
2890,11:20:33,3196.32,177
2891,11:20:32,3195.595,100
2892,11:20:13,3194.0077,200
2893,11:20:13,3194.385,100
2894,11:19:53,3195.55,110
2895,11:19:41,3195.03,100
2896,11:19:31,3194.75,100
2897,11:19:23,3195.3925,100
2898,11:19:16,3194.17,100
2899,11:19:01,3195.705,100
2900,11:18:57,3194.4175,115
2901,11:18:45,3194.685,1000
2902,11:18:27,3194.19,100
2903,11:18:04,3195.17,1000
2904,11:17:18,3193.93,100
2905,11:17:11,3193.49,100
2906,11:17:02,3194.0,186
2907,11:17:02,3193.94,300
2908,11:17:02,3194.0001,150
2909,11:17:02,3194.07,100
2910,11:17:02,3194.71,100
2911,11:17:00,3194.1,110
2912,11:17:00,3194.12,100
2913,11:16:38,3195.9,100
2914,11:16:23,3195.87,100
2915,11:16:17,3195.05,500
2916,11:16:08,3194.885,100
2917,11:16:06,3196.0,100
2918,11:15:52,3195.19,100
2919,11:15:52,3195.9976,175
2920,11:15:52,3195.9976,137
2921,11:15:46,3195.0,265
2922,11:15:46,3195.525,100
2923,11:15:46,3195.72,100
2924,11:15:06,3195.54,100
2925,11:14:55,3195.15,100
2926,11:14:44,3195.97,100
2927,11:14:04,3196.97,100
2928,11:14:02,3197.27,100
2929,11:13:39,3197.02,400
2930,11:13:26,3198.14,100
2931,11:12:37,3198.9,100
2932,11:12:34,3198.8476,550
2933,11:12:22,3198.11,100
2934,11:12:20,3198.8899,312
2935,11:12:20,3197.89,100
2936,11:12:20,3197.9,100
2937,11:11:41,3197.42,100
2938,11:09:48,3196.54,100
2939,11:09:38,3199.33,100
2940,11:09:32,3197.494,100
2941,11:09:21,3196.741,311
2942,11:09:21,3196.979,100
2943,11:09:02,3196.775,100
2944,11:09:01,3197.43,100
2945,11:07:55,3196.35,111
2946,11:07:51,3197.98,100
2947,11:07:44,3197.21,100
2948,11:07:12,3196.86,100
2949,11:07:07,3196.36,100
2950,11:07:00,3197.15,124
2951,11:07:00,3197.13,100
2952,11:07:00,3197.13,100
2953,11:07:00,3196.11,100
2954,11:07:00,3196.02,100
2955,11:07:00,3196.06,100
2956,11:07:00,3196.24,100
2957,11:06:56,3195.774,1000
2958,11:06:47,3195.62,102
2959,11:06:32,3195.8,100
2960,11:06:31,3195.85,100
2961,11:06:27,3196.3,100
2962,11:06:26,3195.816,312
2963,11:06:26,3196.55,312
2964,11:06:22,3195.9479,200
2965,11:06:10,3195.73,100
2966,11:06:10,3195.8004,100
2967,11:06:10,3196.1,100
2968,11:06:08,3196.6,100
2969,11:06:08,3196.6,100
2970,11:05:57,3197.75,100
2971,11:05:17,3198.46,100
2972,11:05:03,3197.6,100
2973,11:04:59,3197.85,100
2974,11:04:54,3198.51,100
2975,11:04:48,3199.0,100
2976,11:04:13,3198.15,100
2977,11:03:52,3198.45,100
2978,11:03:52,3198.69,100
2979,11:03:51,3199.12,100
2980,11:03:47,3198.28,100
2981,11:03:28,3196.77,100
2982,11:03:22,3196.84,100
2983,11:03:14,3197.32,100
2984,11:03:13,3197.34,100
2985,11:03:12,3196.5901,200
2986,11:03:03,3196.45,100
2987,11:03:03,3196.91,100
2988,11:03:03,3196.43,100
2989,11:03:01,3197.06,100
2990,11:02:59,3197.16,100
2991,11:02:55,3197.81,100
2992,11:02:55,3197.24,100
2993,11:02:53,3197.19,100
2994,11:02:49,3197.64,100
2995,11:02:32,3196.74,100
2996,11:02:27,3197.39,300
2997,11:02:19,3199.2899,100
2998,11:02:04,3196.4,100
2999,11:02:02,3196.73,100
3000,11:02:00,3197.29,100
3001,11:01:57,3197.11,100
3002,11:01:57,3197.11,100
3003,11:01:57,3197.11,100
3004,11:01:57,3197.11,100
3005,11:01:57,3197.38,100
3006,11:01:57,3197.71,100
3007,11:01:57,3197.71,100
3008,11:01:57,3198.01,100
3009,11:01:57,3198.02,100
3010,11:01:57,3198.01,100
3011,11:01:57,3198.01,100
3012,11:01:57,3198.56,100
3013,11:01:57,3198.56,100
3014,11:01:57,3198.56,100
3015,11:01:57,3198.61,100
3016,11:01:57,3198.44,100
3017,11:01:57,3198.56,100
3018,11:01:57,3199.59,100
3019,11:01:57,3200.1,100
3020,11:01:57,3200.45,100
3021,11:01:57,3201.0,100
3022,11:01:57,3201.04,100
3023,11:01:57,3201.36,100
3024,11:01:57,3201.48,100
3025,11:01:30,3202.02,100
3026,11:01:11,3201.735,100
3027,11:01:11,3202.29,100
3028,11:01:10,3202.02,100
3029,11:01:10,3202.09,100
3030,11:00:57,3202.4,100
3031,11:00:55,3201.43,103
3032,11:00:55,3201.96,100
3033,11:00:41,3203.035,100
3034,11:00:30,3202.44,150
3035,11:00:27,3203.425,100
3036,11:00:17,3203.93,100
3037,11:00:03,3204.19,100
3038,11:00:03,3204.19,100
3039,11:59:38,3193.65,100
3040,11:59:35,3193.1636,100
3041,11:59:29,3193.37,100
3042,11:59:29,3193.37,100
3043,11:59:25,3192.95,100
3044,11:59:10,3192.83,100
3045,11:59:10,3192.5,100
3046,11:59:10,3192.5,113
3047,11:59:10,3192.5,283
3048,11:59:10,3192.5,992
3049,11:59:10,3192.57,100
3050,11:58:39,3193.29,100
3051,11:57:44,3193.585,100
3052,11:56:20,3193.71,100
3053,11:56:20,3193.49,100
3054,11:56:20,3193.49,100
3055,11:56:20,3193.46,100
3056,11:56:20,3194.19,100
3057,11:56:20,3193.49,100
3058,11:56:20,3193.4338,100
3059,11:56:20,3193.7,100
3060,11:56:20,3193.76,300
3061,11:56:12,3193.735,100
3062,11:56:00,3195.275,100
3063,11:55:12,3193.93,100
3064,11:54:22,3194.085,100
3065,11:54:22,3194.32,113
3066,11:53:59,3194.36,100
3067,11:53:59,3194.49,100
3068,11:53:55,3194.105,100
3069,11:53:45,3194.36,100
3070,11:53:45,3194.095,100
3071,11:53:45,3194.095,100
3072,11:53:45,3194.095,100
3073,11:53:10,3193.91,100
3074,11:52:59,3194.245,100
3075,11:52:59,3194.55,100
3076,11:52:43,3193.735,100
3077,11:52:34,3193.98,100
3078,11:52:33,3193.15,100
3079,11:52:23,3193.74,100
3080,11:52:14,3193.74,100
3081,11:51:28,3194.5,575
3082,11:51:13,3194.6499,100
3083,11:50:59,3193.49,100
3084,11:50:59,3193.44,100
3085,11:50:56,3193.5,100
3086,11:50:56,3193.5,100
3087,11:50:56,3193.5,100
3088,11:50:54,3193.5,436
3089,11:50:54,3193.5,151
3090,11:50:41,3193.3692,420
3091,11:50:36,3193.48,100
3092,11:50:36,3193.46,100
3093,11:50:35,3193.15,100
3094,11:50:22,3192.65,100
3095,11:49:01,3191.74,100
3096,11:48:54,3191.61,100
3097,11:48:49,3191.82,500
3098,11:48:21,3191.525,100
3099,11:48:18,3192.31,100
3100,11:48:11,3192.06,100
3101,11:48:05,3191.83,100
3102,11:48:05,3192.9999,100
3103,11:48:05,3192.9999,100
3104,11:48:05,3192.9999,100
3105,11:48:05,3192.9999,100
3106,11:48:05,3191.82,100
3107,11:48:05,3191.83,100
3108,11:48:05,3191.82,100
3109,11:47:55,3191.96,100
3110,11:47:55,3192.0,100
3111,11:47:33,3191.225,100
3112,11:47:32,3191.225,145
3113,11:47:07,3191.03,100
3114,11:46:58,3191.205,100
3115,11:46:41,3191.5,100
3116,11:44:28,3190.5,100
3117,11:44:26,3191.16,100
3118,11:44:03,3192.39,100
3119,11:44:01,3191.03,100
3120,11:43:55,3192.25,100
3121,11:43:33,3192.94,100
3122,11:43:28,3192.625,100
3123,11:43:10,3191.57,100
3124,11:43:00,3191.0,148
3125,11:42:57,3190.5,100
3126,11:42:53,3190.75,100
3127,11:42:53,3191.1,110
3128,11:42:52,3191.1,100
3129,11:42:52,3191.1,100
3130,11:42:36,3190.63,100
3131,11:42:23,3191.02,100
3132,11:42:00,3193.47,150
3133,11:41:59,3193.33,100
3134,11:41:59,3193.33,100
3135,11:41:58,3193.14,100
3136,11:41:51,3192.36,100
3137,11:41:44,3192.19,100
3138,11:41:40,3190.76,100
3139,11:41:31,3191.06,100
3140,11:41:31,3191.1111,189
3141,11:41:23,3190.52,100
3142,11:41:23,3190.83,100
3143,11:41:22,3190.3601,100
3144,11:41:22,3191.3725,100
3145,11:41:22,3191.0,100
3146,11:41:19,3191.08,100
3147,11:41:16,3191.185,100
3148,11:41:16,3191.0,173
3149,11:41:15,3191.4275,100
3150,11:41:15,3191.0,100
3151,11:41:14,3191.66,100
3152,11:41:04,3192.26,100
3153,11:40:52,3192.625,100
3154,11:40:32,3191.75,100
3155,11:40:26,3192.3025,100
3156,11:40:17,3192.31,100
3157,11:40:14,3192.24,200
3158,11:39:45,3192.365,100
3159,11:39:35,3191.7201,100
3160,11:39:33,3192.41,100
3161,11:39:33,3191.76,100
3162,11:39:20,3192.28,100
3163,11:39:20,3192.33,100
3164,11:39:20,3192.33,100
3165,11:38:49,3192.65,100
3166,11:38:04,3193.11,100
3167,11:38:01,3193.8,100
3168,11:37:54,3193.11,100
3169,11:36:54,3194.22,100
3170,11:36:13,3193.67,100
3171,11:36:09,3194.81,100
3172,11:36:09,3194.925,100
3173,11:36:05,3193.54,100
3174,11:36:05,3194.25,100
3175,11:36:05,3194.25,100
3176,11:36:04,3193.86,100
3177,11:36:02,3193.87,100
3178,11:36:00,3193.38,100
3179,11:35:59,3193.38,100
3180,11:35:57,3193.88,100
3181,11:35:49,3193.735,100
3182,11:35:45,3193.5471,202
3183,11:35:44,3193.6712,313
3184,11:35:44,3193.6712,274
3185,11:35:44,3193.48,232
3186,11:35:44,3193.57,100
3187,11:35:42,3193.515,100
3188,11:35:35,3193.365,100
3189,11:35:24,3193.29,100
3190,11:35:24,3192.905,100
3191,11:34:56,3192.0,144
3192,11:34:15,3192.82,100
3193,11:33:59,3193.15,100
3194,11:33:39,3192.0,100
3195,11:33:10,3193.0,100
3196,11:32:48,3192.07,100
3197,11:31:42,3191.99,100
3198,11:31:40,3191.93,100
3199,11:31:34,3190.97,100
3200,12:29:46,3191.38,100
3201,12:29:45,3191.5,155
3202,12:29:27,3191.26,100
3203,12:29:27,3191.11,100
3204,12:29:27,3191.0,100
3205,12:29:27,3191.0,100
3206,12:29:27,3191.0,106
3207,12:29:14,3190.4667,150
3208,12:29:01,3191.81,100
3209,12:28:32,3190.3,100
3210,12:28:30,3190.67,110
3211,12:28:27,3190.66,100
3212,12:28:02,3189.935,100
3213,12:27:51,3189.73,100
3214,12:27:40,3190.08,100
3215,12:27:24,3190.21,100
3216,12:27:21,3189.98,124
3217,12:27:07,3190.305,100
3218,12:26:55,3189.9201,100
3219,12:26:50,3190.0,100
3220,12:26:48,3189.99,100
3221,12:26:46,3190.0,100
3222,12:26:20,3190.09,100
3223,12:26:19,3190.0,200
3224,12:26:19,3190.0,300
3225,12:26:19,3190.0,300
3226,12:26:19,3190.0,100
3227,12:26:19,3190.0,300
3228,12:26:19,3190.1,100
3229,12:26:14,3190.105,100
3230,12:26:11,3190.97,200
3231,12:25:48,3191.08,100
3232,12:25:48,3190.9,177
3233,12:25:44,3191.03,100
3234,12:25:43,3191.39,100
3235,12:25:43,3191.395,113
3236,12:25:43,3191.38,100
3237,12:25:42,3191.59,100
3238,12:25:42,3191.5,100
3239,12:25:42,3191.59,100
3240,12:25:42,3191.59,100
3241,12:25:12,3191.8,100
3242,12:25:12,3191.8,100
3243,12:25:03,3191.75,100
3244,12:24:51,3192.18,100
3245,12:24:47,3191.58,100
3246,12:24:43,3192.055,100
3247,12:23:31,3192.16,100
3248,12:23:04,3191.7501,100
3249,12:22:21,3192.005,100
3250,12:20:39,3192.205,100
3251,12:20:19,3192.14,100
3252,12:20:19,3192.26,200
3253,12:19:50,3192.3499,400
3254,12:19:50,3191.8,100
3255,12:19:44,3191.25,400
3256,12:18:48,3192.0,100
3257,12:18:11,3191.7,246
3258,12:18:11,3192.0,216
3259,12:18:11,3192.0,100
3260,12:17:31,3193.33,100
3261,12:16:52,3193.23,100
3262,12:16:50,3193.54,100
3263,12:16:08,3193.47,175
3264,12:15:41,3193.185,100
3265,12:15:36,3193.0,100
3266,12:15:27,3193.0001,100
3267,12:15:08,3193.69,100
3268,12:14:45,3192.8,100
3269,12:14:25,3193.175,100
3270,12:14:15,3193.7939,100
3271,12:13:17,3192.56,100
3272,12:13:01,3192.67,100
3273,12:12:56,3192.77,100
3274,12:12:10,3192.55,100
3275,12:12:06,3193.0,100
3276,12:12:06,3193.0,497
3277,12:11:57,3193.46,100
3278,12:11:14,3193.47,100
3279,12:11:08,3193.0001,200
3280,12:10:49,3193.11,100
3281,12:10:48,3193.93,100
3282,12:10:34,3194.59,200
3283,12:10:16,3193.86,285
3284,12:10:13,3193.892,100
3285,12:09:52,3193.095,100
3286,12:09:50,3193.305,200
3287,12:09:49,3193.625,100
3288,12:09:17,3194.03,400
3289,12:08:46,3194.0527,100
3290,12:08:29,3194.8449,139
3291,12:08:15,3194.22,100
3292,12:06:50,3193.72,100
3293,12:06:46,3193.68,200
3294,12:06:46,3193.68,200
3295,12:06:43,3194.2,100
3296,12:06:33,3193.63,100
3297,12:05:34,3193.22,100
3298,12:05:27,3193.125,126
3299,12:04:48,3193.29,100
3300,12:04:12,3192.58,100
3301,12:04:12,3192.58,100
3302,12:03:55,3192.96,100
3303,12:03:13,3193.78,100
3304,12:03:13,3193.62,100
3305,12:03:11,3193.98,100
3306,12:03:06,3193.25,100
3307,12:02:54,3193.07,100
3308,12:02:53,3193.21,100
3309,12:02:15,3193.16,100
3310,12:01:24,3192.32,100
3311,12:01:21,3192.965,100
3312,12:00:56,3193.36,100
3313,12:59:59,3191.8675,100
3314,12:59:52,3191.905,100
3315,12:59:50,3191.6922,100
3316,12:58:27,3192.0,100
3317,12:57:35,3192.0,300
3318,12:57:07,3192.2,100
3319,12:56:50,3192.45,100
3320,12:56:02,3191.84,100
3321,12:55:27,3192.3,149
3322,12:55:17,3191.48,100
3323,12:53:52,3192.155,100
3324,12:53:15,3192.0,100
3325,12:51:57,3192.03,100
3326,12:51:13,3192.47,100
3327,12:49:47,3192.98,400
3328,12:49:37,3193.0,240
3329,12:49:32,3192.5,470
3330,12:49:32,3192.48,100
3331,12:48:52,3192.5,100
3332,12:48:16,3191.7,100
3333,12:46:01,3192.14,100
3334,12:44:50,3192.08,150
3335,12:44:17,3193.0,133
3336,12:44:17,3193.0,238
3337,12:44:17,3193.0,158
3338,12:44:00,3192.5,100
3339,12:43:54,3192.7,296
3340,12:43:54,3192.66,100
3341,12:43:52,3192.15,100
3342,12:43:48,3192.5,300
3343,12:42:59,3192.4199,100
3344,12:42:15,3191.56,100
3345,12:42:04,3191.18,100
3346,12:42:01,3191.06,100
3347,12:42:01,3191.145,100
3348,12:41:39,3191.745,100
3349,12:41:28,3191.56,150
3350,12:41:09,3191.5,100
3351,12:40:23,3193.0078,338
3352,12:38:31,3190.75,180
3353,12:38:14,3190.6,145
3354,12:38:14,3190.6,100
3355,12:38:14,3190.6,100
3356,12:38:14,3190.6,100
3357,12:38:10,3191.3199,100
3358,12:36:18,3190.02,100
3359,12:36:18,3190.64,101
3360,12:36:18,3190.02,100
3361,12:36:18,3190.2,100
3362,12:36:18,3190.4,100
3363,12:35:54,3191.385,100
3364,12:35:49,3191.44,113
3365,12:35:17,3190.6,233
3366,12:35:10,3191.27,100
3367,12:35:10,3190.94,100
3368,12:34:37,3191.72,100
3369,12:34:10,3190.545,100
3370,12:33:46,3190.8838,168
3371,12:33:46,3190.8838,102
3372,12:33:37,3190.11,100
3373,12:33:09,3190.1,100
3374,12:33:09,3190.12,100
3375,12:33:01,3190.49,100
3376,12:33:00,3190.59,100
3377,12:32:59,3191.0,100
3378,12:32:59,3191.0,100
3379,12:32:58,3191.1,100
3380,12:32:58,3191.3,100
3381,12:32:40,3190.95,100
3382,12:31:52,3191.595,100
3383,12:31:52,3191.57,100
3384,12:31:44,3192.0,100
3385,12:31:44,3192.23,100
3386,12:31:04,3193.73,100
3387,12:30:12,3191.18,100
3388,13:29:57,3184.35,100
3389,13:29:38,3183.74,150
3390,13:29:24,3183.0,200
3391,13:29:17,3183.2142,100
3392,13:29:12,3183.11,100
3393,13:28:59,3183.78,100
3394,13:28:48,3183.5,100
3395,13:28:48,3183.5,100
3396,13:28:29,3183.685,150
3397,13:28:29,3184.0,100
3398,13:28:29,3184.0,194
3399,13:28:29,3184.0,100
3400,13:28:12,3184.115,100
3401,13:28:03,3184.0,100
3402,13:28:03,3185.33,100
3403,13:28:03,3184.0,100
3404,13:28:02,3184.7678,100
3405,13:28:00,3184.0,100
3406,13:27:59,3184.07,100
3407,13:27:53,3184.815,100
3408,13:27:50,3184.52,200
3409,13:27:40,3184.1,100
3410,13:27:40,3184.52,100
3411,13:27:37,3184.08,200
3412,13:27:37,3184.08,100
3413,13:27:37,3184.08,100
3414,13:27:36,3183.805,100
3415,13:27:09,3184.0,100
3416,13:27:00,3183.97,100
3417,13:26:43,3184.02,100
3418,13:26:31,3184.5,100
3419,13:26:23,3184.72,100
3420,13:26:23,3183.47,100
3421,13:25:30,3184.675,100
3422,13:25:24,3184.585,100
3423,13:24:42,3185.2,100
3424,13:24:37,3185.18,100
3425,13:23:42,3185.48,100
3426,13:23:07,3185.24,500
3427,13:22:57,3185.04,100
3428,13:22:57,3185.48,100
3429,13:22:48,3185.7657,157
3430,13:22:45,3185.73,100
3431,13:22:38,3185.0,100
3432,13:22:10,3185.1,100
3433,13:22:03,3185.145,100
3434,13:21:41,3184.62,100
3435,13:21:38,3184.5,100
3436,13:21:27,3184.69,100
3437,13:21:08,3185.0,100
3438,13:21:02,3186.37,100
3439,13:20:52,3186.4475,100
3440,13:20:46,3185.78,150
3441,13:20:23,3185.37,170
3442,13:20:23,3185.844,100
3443,13:20:23,3185.41,100
3444,13:20:23,3185.29,100
3445,13:20:23,3185.0,100
3446,13:20:23,3184.75,100
3447,13:20:22,3184.55,100
3448,13:20:18,3184.32,100
3449,13:20:14,3184.1,100
3450,13:20:14,3183.77,100
3451,13:20:14,3183.73,100
3452,13:20:13,3183.0,100
3453,13:20:13,3183.13,100
3454,13:20:11,3183.47,100
3455,13:20:11,3183.46,100
3456,13:20:11,3183.485,100
3457,13:19:59,3183.33,180
3458,13:19:53,3183.0,100
3459,13:19:48,3183.165,200
3460,13:19:18,3182.93,100
3461,13:19:12,3182.715,100
3462,13:19:00,3182.79,119
3463,13:18:55,3182.94,100
3464,13:18:50,3183.06,100
3465,13:18:23,3183.045,100
3466,13:18:09,3183.22,100
3467,13:18:08,3183.2475,100
3468,13:17:54,3184.0,100
3469,13:17:54,3184.0,132
3470,13:17:47,3183.885,100
3471,13:17:47,3183.885,100
3472,13:17:47,3184.29,100
3473,13:17:47,3184.195,100
3474,13:17:47,3184.195,100
3475,13:17:38,3183.96,100
3476,13:17:29,3183.415,100
3477,13:16:46,3183.81,100
3478,13:16:28,3184.0,167
3479,13:16:28,3184.0,207
3480,13:16:27,3184.0,100
3481,13:16:27,3183.685,100
3482,13:16:27,3183.89,100
3483,13:16:21,3183.7453,158
3484,13:16:15,3183.4,100
3485,13:16:07,3183.25,482
3486,13:15:44,3182.87,100
3487,13:15:44,3182.88,100
3488,13:15:43,3182.75,452
3489,13:15:43,3183.03,100
3490,13:15:39,3183.31,196
3491,13:15:21,3184.43,100
3492,13:15:14,3183.655,100
3493,13:15:12,3184.0,100
3494,13:15:12,3183.56,100
3495,13:15:12,3183.98,100
3496,13:14:49,3183.615,275
3497,13:14:49,3183.606,100
3498,13:14:49,3183.615,200
3499,13:14:49,3183.29,100
3500,13:14:49,3183.29,100
3501,13:14:49,3183.43,100
3502,13:14:49,3183.4025,100
3503,13:14:49,3183.38,100
3504,13:14:49,3183.38,100
3505,13:14:49,3183.67,100
3506,13:14:49,3183.67,100
3507,13:14:32,3182.65,100
3508,13:14:32,3182.78,126
3509,13:14:30,3182.56,100
3510,13:14:29,3182.56,100
3511,13:14:28,3182.0,100
3512,13:14:28,3182.62,100
3513,13:14:28,3182.29,100
3514,13:14:15,3183.4,107
3515,13:14:15,3183.03,100
3516,13:14:15,3183.16,295
3517,13:14:14,3183.0,178
3518,13:14:12,3183.19,100
3519,13:14:01,3184.0,200
3520,13:14:01,3184.0,250
3521,13:14:01,3184.0,100
3522,13:14:01,3184.0,100
3523,13:13:56,3184.5,100
3524,13:13:41,3184.54,100
3525,13:13:41,3184.56,119
3526,13:13:25,3185.0,318
3527,13:13:25,3185.0,150
3528,13:13:25,3185.0,100
3529,13:13:25,3185.0,100
3530,13:13:25,3185.0,150
3531,13:13:25,3185.0,100
3532,13:13:25,3185.0,100
3533,13:13:25,3185.0,100
3534,13:13:23,3185.29,100
3535,13:13:22,3185.71,100
3536,13:13:14,3185.2,100
3537,13:13:06,3185.3843,450
3538,13:13:02,3186.12,100
3539,13:12:31,3185.685,100
3540,13:12:31,3185.09,100
3541,13:12:31,3185.09,100
3542,13:12:31,3185.541,100
3543,13:12:31,3185.09,100
3544,13:12:31,3185.32,100
3545,13:12:31,3185.73,100
3546,13:12:31,3185.09,300
3547,13:12:31,3185.0938,100
3548,13:12:19,3185.575,100
3549,13:12:19,3185.6,200
3550,13:11:54,3186.56,100
3551,13:11:53,3186.12,100
3552,13:11:43,3186.095,100
3553,13:11:42,3186.17,100
3554,13:11:42,3186.03,100
3555,13:11:42,3186.3,100
3556,13:11:42,3186.0,100
3557,13:11:42,3186.05,100
3558,13:11:42,3186.0,200
3559,13:11:42,3186.0,200
3560,13:11:42,3186.2,100
3561,13:11:42,3186.2,100
3562,13:11:42,3186.4,100
3563,13:11:42,3186.31,100
3564,13:11:42,3186.63,100
3565,13:11:42,3186.76,100
3566,13:11:42,3187.01,100
3567,13:11:42,3187.05,100
3568,13:11:42,3187.0,100
3569,13:11:42,3187.285,100
3570,13:11:24,3187.75,100
3571,13:11:23,3188.0,305
3572,13:11:23,3188.0,100
3573,13:11:23,3188.05,100
3574,13:10:58,3189.0,106
3575,13:10:48,3189.17,100
3576,13:10:48,3189.15,100
3577,13:10:48,3189.18,100
3578,13:10:48,3190.0,170
3579,13:09:28,3190.13,100
3580,13:08:53,3189.7672,100
3581,13:07:55,3189.96,100
3582,13:07:50,3189.85,100
3583,13:07:49,3189.83,100
3584,13:06:57,3190.01,100
3585,13:06:57,3189.91,100
3586,13:06:57,3190.0,100
3587,13:06:56,3190.13,100
3588,13:06:56,3190.485,400
3589,13:06:53,3190.26,100
3590,13:06:49,3190.1,100
3591,13:06:49,3190.485,100
3592,13:06:42,3190.1,100
3593,13:06:42,3190.18,100
3594,13:06:25,3190.6925,100
3595,13:06:14,3190.415,100
3596,13:06:03,3190.55,106
3597,13:05:56,3190.65,100
3598,13:05:56,3190.65,100
3599,13:05:56,3190.65,100
3600,13:05:41,3191.03,100
3601,13:05:41,3191.09,100
3602,13:05:26,3191.11,100
3603,13:05:21,3191.02,100
3604,13:04:51,3191.605,100
3605,13:04:19,3191.2089,750
3606,13:03:52,3191.0,100
3607,13:03:07,3191.3,100
3608,13:02:45,3191.2,100
3609,13:01:14,3192.27,100
3610,13:00:50,3191.61,100
3611,13:00:20,3191.0,200
3612,13:00:13,3191.05,100
3613,13:00:04,3191.45,400
3614,13:59:51,3177.725,100
3615,13:59:51,3177.585,100
3616,13:59:35,3177.2375,100
3617,13:59:35,3177.255,100
3618,13:59:35,3177.255,100
3619,13:59:35,3177.255,100
3620,13:59:35,3177.255,100
3621,13:59:35,3177.2475,100
3622,13:59:35,3177.1925,100
3623,13:59:35,3177.2175,100
3624,13:59:35,3177.255,100
3625,13:59:35,3176.775,200
3626,13:59:35,3177.255,100
3627,13:59:21,3176.8,100
3628,13:59:13,3176.86,100
3629,13:59:09,3176.52,100
3630,13:59:09,3176.84,100
3631,13:59:06,3176.1,100
3632,13:59:04,3176.1,100
3633,13:59:03,3176.1,100
3634,13:58:58,3176.1,100
3635,13:58:58,3176.1,100
3636,13:58:58,3176.1,100
3637,13:58:58,3176.1,100
3638,13:58:49,3176.4,100
3639,13:58:36,3176.16,100
3640,13:58:36,3177.0,300
3641,13:58:36,3177.16,100
3642,13:58:16,3178.045,100
3643,13:58:15,3178.02,100
3644,13:58:13,3178.46,100
3645,13:58:04,3178.28,100
3646,13:58:04,3178.28,100
3647,13:57:31,3178.97,100
3648,13:57:04,3178.16,100
3649,13:56:28,3178.42,196
3650,13:56:28,3178.265,100
3651,13:56:27,3178.51,137
3652,13:56:16,3180.06,219
3653,13:55:54,3179.68,100
3654,13:55:53,3179.66,100
3655,13:55:51,3179.64,100
3656,13:55:03,3180.24,100
3657,13:54:53,3179.13,277
3658,13:54:53,3178.98,100
3659,13:54:53,3179.03,100
3660,13:54:53,3179.06,100
3661,13:54:41,3178.215,100
3662,13:54:25,3178.33,100
3663,13:53:40,3179.35,100
3664,13:53:35,3179.48,100
3665,13:53:35,3179.67,100
3666,13:53:35,3178.97,100
3667,13:53:19,3178.44,100
3668,13:53:13,3178.85,100
3669,13:53:06,3179.785,100
3670,13:52:57,3180.2,123
3671,13:52:49,3180.12,100
3672,13:52:46,3180.88,100
3673,13:52:41,3180.875,200
3674,13:52:39,3181.0173,100
3675,13:52:34,3180.875,100
3676,13:52:29,3180.87,100
3677,13:52:19,3181.67,100
3678,13:51:48,3181.98,100
3679,13:51:44,3181.645,100
3680,13:51:27,3182.46,100
3681,13:51:14,3182.73,100
3682,13:50:50,3183.22,100
3683,13:50:38,3183.85,100
3684,13:50:37,3183.92,100
3685,13:50:37,3183.92,100
3686,13:50:37,3183.92,100
3687,13:50:36,3182.95,100
3688,13:50:36,3182.87,100
3689,13:50:34,3182.765,100
3690,13:50:33,3182.87,100
3691,13:50:33,3182.87,100
3692,13:50:33,3182.77,400
3693,13:50:33,3182.69,100
3694,13:50:01,3181.5,100
3695,13:49:54,3181.35,100
3696,13:49:45,3181.46,100
3697,13:49:40,3181.25,100
3698,13:49:40,3181.18,100
3699,13:49:40,3181.3,100
3700,13:49:33,3180.77,100
3701,13:49:29,3182.0,100
3702,13:49:22,3180.95,150
3703,13:49:12,3181.18,960
3704,13:49:12,3181.83,100
3705,13:49:12,3181.87,100
3706,13:49:11,3180.95,100
3707,13:49:09,3181.9,100
3708,13:49:08,3180.57,100
3709,13:49:08,3180.7,100
3710,13:49:08,3180.9,100
3711,13:49:08,3180.94,100
3712,13:49:08,3180.95,100
3713,13:49:08,3180.95,100
3714,13:49:08,3180.95,100
3715,13:49:04,3180.38,100
3716,13:49:04,3180.44,100
3717,13:49:01,3180.02,100
3718,13:49:01,3180.1,100
3719,13:48:50,3180.04,100
3720,13:48:48,3179.5,306
3721,13:48:48,3179.5,297
3722,13:48:35,3180.18,100
3723,13:48:35,3180.18,100
3724,13:48:35,3180.18,100
3725,13:48:35,3180.17,100
3726,13:48:35,3180.18,100
3727,13:48:33,3180.18,100
3728,13:48:32,3180.18,100
3729,13:48:32,3180.18,154
3730,13:48:32,3180.0,100
3731,13:48:30,3179.59,100
3732,13:48:30,3179.0,100
3733,13:48:30,3179.0,100
3734,13:48:24,3179.0,140
3735,13:48:24,3179.0,200
3736,13:48:09,3179.68,100
3737,13:48:08,3179.1,100
3738,13:48:08,3179.84,100
3739,13:48:08,3179.74,100
3740,13:48:08,3179.86,100
3741,13:48:04,3179.95,100
3742,13:48:01,3178.95,100
3743,13:47:59,3178.895,100
3744,13:47:59,3178.03,100
3745,13:47:58,3178.075,100
3746,13:47:58,3178.95,100
3747,13:47:57,3178.8,100
3748,13:47:57,3177.915,100
3749,13:47:57,3178.0,100
3750,13:47:57,3178.4,100
3751,13:47:57,3178.4011,449
3752,13:47:57,3178.4011,100
3753,13:47:57,3178.4011,100
3754,13:47:57,3178.5,100
3755,13:47:57,3178.67,100
3756,13:47:57,3177.95,100
3757,13:47:57,3178.14,100
3758,13:47:57,3178.0,100
3759,13:47:57,3177.84,100
3760,13:47:51,3176.655,900
3761,13:47:51,3177.3595,100
3762,13:47:50,3176.61,100
3763,13:47:50,3176.88,100
3764,13:47:49,3176.91,100
3765,13:47:49,3176.08,100
3766,13:47:37,3175.44,100
3767,13:47:37,3175.41,100
3768,13:47:37,3175.43,100
3769,13:47:37,3175.6,100
3770,13:47:37,3175.19,100
3771,13:47:37,3175.595,100
3772,13:47:37,3175.59,100
3773,13:47:37,3175.77,100
3774,13:47:34,3175.6,100
3775,13:47:30,3174.51,100
3776,13:47:29,3175.22,100
3777,13:47:28,3175.61,100
3778,13:47:28,3175.745,100
3779,13:47:27,3175.75,100
3780,13:47:23,3175.2,100
3781,13:47:23,3175.2,100
3782,13:47:23,3176.065,100
3783,13:47:19,3176.15,100
3784,13:47:18,3177.0,100
3785,13:47:16,3177.04,100
3786,13:47:15,3177.32,200
3787,13:47:15,3177.0,100
3788,13:47:15,3177.36,100
3789,13:47:14,3177.01,100
3790,13:47:14,3177.055,100
3791,13:47:12,3177.9675,100
3792,13:47:09,3177.44,100
3793,13:47:00,3178.97,100
3794,13:46:59,3179.1304,100
3795,13:46:58,3180.0,100
3796,13:46:58,3180.0,100
3797,13:46:57,3179.66,100
3798,13:46:54,3177.9701,100
3799,13:46:53,3178.3,100
3800,13:46:53,3177.72,100
3801,13:46:48,3176.85,100
3802,13:46:47,3175.99,100
3803,13:46:47,3175.2,100
3804,13:46:47,3175.2,100
3805,13:46:46,3175.8999,100
3806,13:46:46,3174.26,100
3807,13:46:46,3175.06,100
3808,13:46:46,3174.3,100
3809,13:46:45,3175.0,100
3810,13:46:43,3175.52,100
3811,13:46:43,3175.78,100
3812,13:46:42,3176.735,100
3813,13:46:41,3175.59,100
3814,13:46:40,3175.78,100
3815,13:46:40,3175.14,100
3816,13:46:38,3174.16,100
3817,13:46:38,3173.135,100
3818,13:46:38,3172.915,100
3819,13:46:36,3173.34,100
3820,13:46:36,3174.32,100
3821,13:46:36,3174.1,100
3822,13:46:35,3173.54,102
3823,13:46:34,3173.62,100
3824,13:46:34,3173.62,100
3825,13:46:31,3172.985,100
3826,13:46:31,3172.2,100
3827,13:46:30,3173.24,100
3828,13:46:30,3173.01,100
3829,13:46:30,3172.93,250
3830,13:46:30,3173.01,100
3831,13:46:30,3172.55,100
3832,13:46:30,3172.55,100
3833,13:46:29,3174.3589,411
3834,13:46:29,3174.02,100
3835,13:46:29,3174.03,100
3836,13:46:28,3174.0,231
3837,13:46:28,3174.0,100
3838,13:46:28,3174.68,100
3839,13:46:28,3174.08,100
3840,13:46:28,3174.08,100
3841,13:46:28,3174.22,100
3842,13:46:27,3174.74,100
3843,13:46:27,3175.35,100
3844,13:46:27,3175.35,100
3845,13:46:27,3175.35,100
3846,13:46:27,3174.98,100
3847,13:46:27,3175.135,100
3848,13:46:27,3175.36,100
3849,13:46:27,3175.04,100
3850,13:46:27,3175.07,100
3851,13:46:27,3174.41,100
3852,13:46:27,3175.0,575
3853,13:46:27,3175.1,100
3854,13:46:27,3175.03,100
3855,13:46:27,3175.0,100
3856,13:46:27,3175.27,100
3857,13:46:27,3175.27,100
3858,13:46:26,3175.7,100
3859,13:46:25,3175.26,100
3860,13:46:25,3175.74,100
3861,13:46:24,3176.1,100
3862,13:46:24,3176.629,100
3863,13:46:24,3175.816,250
3864,13:46:22,3175.94,100
3865,13:46:21,3176.0,100
3866,13:46:21,3175.84,100
3867,13:46:19,3176.01,100
3868,13:46:18,3176.32,100
3869,13:46:18,3176.34,100
3870,13:46:17,3177.0,100
3871,13:46:17,3177.12,100
3872,13:46:17,3177.12,156
3873,13:46:17,3177.85,100
3874,13:46:17,3177.12,100
3875,13:46:17,3177.12,200
3876,13:46:16,3178.2,100
3877,13:46:16,3177.12,100
3878,13:46:15,3177.78,100
3879,13:46:15,3178.2,100
3880,13:46:14,3178.001,100
3881,13:46:14,3178.46,100
3882,13:46:14,3178.0,100
3883,13:46:14,3178.64,100
3884,13:46:13,3179.0,195
3885,13:46:13,3180.0,200
3886,13:46:13,3180.0,100
3887,13:46:13,3180.0,100
3888,13:46:13,3180.0,100
3889,13:46:13,3180.0,100
3890,13:46:13,3180.0,300
3891,13:46:13,3180.32,100
3892,13:46:12,3180.7,100
3893,13:46:12,3180.6,100
3894,13:46:12,3180.38,100
3895,13:46:11,3180.5605,100
3896,13:46:11,3180.84,100
3897,13:46:11,3180.84,100
3898,13:46:10,3181.2,100
3899,13:46:10,3181.2,100
3900,13:46:10,3181.0,100
3901,13:46:10,3181.02,100
3902,13:46:08,3181.0,100
3903,13:46:06,3181.0,100
3904,13:46:06,3181.99,100
3905,13:46:05,3181.2,389
3906,13:46:04,3182.01,180
3907,13:46:04,3182.01,100
3908,13:46:04,3182.0,293
3909,13:46:04,3182.0,100
3910,13:46:04,3182.0005,100
3911,13:46:03,3182.27,100
3912,13:46:03,3182.27,141
3913,13:46:03,3182.27,100
3914,13:46:03,3182.27,100
3915,13:46:03,3182.75,100
3916,13:46:03,3182.75,100
3917,13:46:03,3182.75,100
3918,13:46:02,3183.102,100
3919,13:46:02,3183.46,100
3920,13:46:02,3183.22,100
3921,13:46:02,3183.32,100
3922,13:46:02,3183.91,100
3923,13:46:02,3183.7,100
3924,13:46:02,3183.411,100
3925,13:46:01,3184.17,100
3926,13:46:01,3184.83,100
3927,13:45:51,3184.86,100
3928,13:45:45,3185.17,100
3929,13:45:33,3185.05,100
3930,13:45:31,3185.38,100
3931,13:45:09,3185.21,100
3932,13:44:06,3185.7362,150
3933,13:43:36,3184.9092,200
3934,13:42:24,3185.085,100
3935,13:42:00,3185.01,100
3936,13:41:49,3185.735,100
3937,13:41:26,3186.7499,100
3938,13:41:25,3186.14,100
3939,13:41:16,3186.14,100
3940,13:40:40,3186.0,100
3941,13:40:37,3185.5,100
3942,13:39:09,3184.79,100
3943,13:39:02,3183.77,100
3944,13:39:01,3183.63,100
3945,13:39:01,3184.65,100
3946,13:38:47,3184.07,100
3947,13:38:32,3184.54,100
3948,13:38:08,3185.3,100
3949,13:37:46,3183.86,100
3950,13:37:29,3184.0,100
3951,13:36:58,3184.18,100
3952,13:36:40,3183.89,100
3953,13:36:31,3184.88,100
3954,13:36:31,3184.82,100
3955,13:36:26,3184.5575,100
3956,13:36:26,3184.02,100
3957,13:36:26,3184.03,100
3958,13:36:26,3184.19,100
3959,13:36:26,3184.32,100
3960,13:36:16,3185.315,100
3961,13:36:16,3184.8,100
3962,13:36:10,3185.21,100
3963,13:36:00,3184.8643,100
3964,13:35:54,3184.75,100
3965,13:35:52,3185.61,1000
3966,13:35:37,3185.59,100
3967,13:35:18,3184.01,100
3968,13:34:41,3185.84,204
3969,13:34:25,3183.87,200
3970,13:34:07,3183.5,136
3971,13:34:07,3183.5,118
3972,13:34:07,3183.5,100
3973,13:34:00,3183.93,100
3974,13:34:00,3183.48,100
3975,13:33:58,3183.4,100
3976,13:33:42,3182.8,100
3977,13:33:42,3182.52,100
3978,13:33:03,3183.955,100
3979,13:33:02,3183.5,100
3980,13:31:58,3184.84,100
3981,13:31:54,3184.68,100
3982,13:31:05,3184.089,100
3983,13:30:53,3184.85,100
3984,13:30:53,3184.75,100
3985,13:30:53,3184.555,100
3986,13:30:52,3185.2,100
3987,13:30:49,3184.33,100
3988,14:29:57,3186.42,100
3989,14:29:52,3186.285,100
3990,14:29:38,3186.315,800
3991,14:29:38,3186.315,100
3992,14:29:38,3186.315,100
3993,14:29:37,3186.32,100
3994,14:29:37,3186.32,100
3995,14:28:59,3186.86,100
3996,14:28:57,3186.52,112
3997,14:28:53,3186.52,100
3998,14:28:41,3186.53,100
3999,14:28:27,3187.39,200
4000,14:28:19,3187.1,100
4001,14:28:00,3187.9,100
4002,14:27:42,3187.815,100
4003,14:27:37,3188.14,100
4004,14:27:37,3188.14,100
4005,14:27:33,3188.4663,100
4006,14:27:30,3188.14,100
4007,14:26:59,3189.0,400
4008,14:26:58,3188.95,100
4009,14:26:49,3188.0,392
4010,14:26:49,3188.0,100
4011,14:26:27,3187.39,100
4012,14:26:27,3187.0,400
4013,14:24:48,3187.94,100
