,NLS Time (ET),NLS Price,NLS Share Volume
0,09:59:58,3233.0,100
1,09:59:55,3232.99,100
2,09:59:46,3232.135,200
3,09:59:46,3231.2701,260
4,09:59:30,3233.29,181
5,09:59:20,3233.07,100
6,09:59:19,3232.21,300
7,09:59:19,3232.21,200
8,09:59:19,3232.9999,292
9,09:59:18,3232.3199,1000
10,09:59:07,3230.04,205
11,09:59:04,3229.8742,100
12,09:59:02,3230.04,360
13,09:59:02,3230.2,100
14,09:59:02,3230.18,100
15,09:59:02,3230.11,100
16,09:58:56,3229.8669,247
17,09:58:55,3229.52,100
18,09:58:55,3229.02,100
19,09:58:55,3229.0,100
20,09:58:55,3229.0,100
21,09:58:55,3229.0,100
22,09:58:55,3229.52,100
23,09:58:55,3229.02,100
24,09:58:55,3229.02,100
25,09:58:55,3230.405,100
26,09:58:55,3229.16,100
27,09:58:55,3229.565,100
28,09:58:54,3230.01,100
29,09:58:54,3231.84,970
30,09:58:47,3231.115,1000
31,09:58:47,3230.94,100
32,09:58:46,3230.7679,309
33,09:58:46,3230.51,100
34,09:58:46,3230.7,100
35,09:58:46,3230.29,100
36,09:58:46,3230.79,100
37,09:58:46,3230.2,100
38,09:58:45,3230.7302,1000
39,09:58:12,3232.2,100
40,09:58:12,3233.0,100
41,09:58:12,3233.08,226
42,09:58:12,3233.0,100
43,09:58:06,3232.3582,1000
44,09:57:46,3232.5601,160
45,09:57:41,3230.57,100
46,09:57:40,3231.0,100
47,09:57:40,3231.0,100
48,09:57:40,3231.21,100
49,09:57:34,3232.722,120
50,09:57:33,3231.9429,105
51,09:57:16,3232.21,100
52,09:57:15,3233.365,100
53,09:57:14,3232.8728,109
54,09:56:56,3232.49,100
55,09:56:56,3232.0,1138
56,09:56:56,3232.14,380
57,09:56:56,3231.97,100
58,09:56:56,3232.0,137
59,09:56:56,3232.0,164
60,09:56:56,3232.585,300
61,09:56:56,3232.585,200
62,09:56:55,3232.0364,100
63,09:56:49,3232.97,100
64,09:56:32,3231.78,900
65,09:56:31,3232.285,1000
66,09:56:30,3232.55,100
67,09:56:30,3232.0,100
68,09:56:30,3231.86,100
69,09:56:30,3233.9999,1000
70,09:56:29,3233.0,100
71,09:56:25,3233.0,100
72,09:56:14,3232.075,100
73,09:56:12,3232.55,100
74,09:56:12,3232.55,100
75,09:56:10,3231.79,100
76,09:56:10,3231.69,100
77,09:56:08,3233.89,100
78,09:56:08,3233.98,100
79,09:56:08,3233.96,100
80,09:56:08,3233.5,100
81,09:56:08,3233.98,100
82,09:56:08,3233.98,100
83,09:55:57,3235.19,100
84,09:55:57,3235.15,100
85,09:55:36,3231.79,100
86,09:55:28,3233.85,100
87,09:55:08,3234.0201,100
88,09:55:04,3236.0,100
89,09:55:00,3236.42,151
90,09:54:55,3234.02,100
91,09:54:55,3234.17,100
92,09:54:49,3236.2799,1282
93,09:54:46,3234.907,100
94,09:54:45,3235.0,100
95,09:54:33,3236.633,250
96,09:54:33,3237.07,100
97,09:54:33,3237.485,100
98,09:54:32,3236.1699,929
99,09:54:29,3236.1684,1000
100,09:54:24,3236.614,100
101,09:54:18,3237.59,100
102,09:54:12,3237.312,100
103,09:54:09,3237.82,100
104,09:53:59,3237.95,100
105,09:53:55,3237.18,155
106,09:53:55,3237.18,297
107,09:53:55,3237.42,100
108,09:53:55,3237.42,100
109,09:53:55,3237.41,282
110,09:53:55,3236.91,282
111,09:53:55,3237.36,100
112,09:53:54,3236.7299,289
113,09:53:54,3236.7299,589
114,09:53:54,3236.7299,122
115,09:53:52,3236.7299,1000
116,09:53:42,3236.23,1000
117,09:53:41,3235.5621,959
118,09:53:41,3236.12,1000
119,09:53:40,3236.12,250
120,09:53:35,3236.8892,1000
121,09:53:16,3237.04,100
122,09:53:16,3237.0,100
123,09:53:11,3237.49,1000
124,09:53:11,3236.6343,122
125,09:53:11,3236.6343,566
126,09:53:10,3235.4205,1000
127,09:53:09,3237.135,100
128,09:53:08,3236.07,100
129,09:53:04,3236.46,100
130,09:53:02,3237.945,100
131,09:52:59,3237.855,100
132,09:52:58,3237.025,100
133,09:52:56,3237.61,100
134,09:52:48,3238.0,100
135,09:52:46,3236.75,700
136,09:52:44,3237.935,100
137,09:52:44,3236.88,190
138,09:52:40,3236.87,100
139,09:52:37,3238.0,100
140,09:52:31,3235.9564,100
141,09:52:24,3238.0,100
142,09:52:23,3237.93,100
143,09:52:23,3237.93,100
144,09:52:22,3237.8,100
145,09:52:21,3236.865,100
146,09:52:21,3236.4185,206
147,09:52:21,3236.4185,392
148,09:52:21,3236.73,259
149,09:52:21,3236.23,259
150,09:52:20,3236.81,100
151,09:52:20,3235.78,100
152,09:52:20,3235.78,1000
153,09:52:19,3236.815,100
154,09:52:19,3236.2244,281
155,09:52:19,3235.95,100
156,09:52:19,3234.9,100
157,09:52:19,3234.726,100
158,09:52:19,3234.94,100
159,09:52:18,3235.405,100
160,09:52:18,3234.58,100
161,09:52:18,3234.6,100
162,09:52:15,3235.37,100
163,09:52:14,3235.335,100
164,09:52:13,3234.651,309
165,09:52:13,3234.108,100
166,09:52:13,3234.08,100
167,09:52:13,3233.96,100
168,09:52:12,3232.6052,283
169,09:52:12,3232.6052,663
170,09:52:10,3232.0,900
171,09:52:08,3231.27,100
172,09:52:05,3233.295,100
173,09:51:30,3234.74,100
174,09:51:28,3234.39,100
175,09:51:16,3235.645,100
176,09:51:07,3233.25,100
177,09:51:07,3232.78,100
178,09:51:07,3233.19,100
179,09:51:03,3232.0,400
180,09:51:02,3232.24,124
181,09:51:02,3233.95,100
182,09:51:02,3234.0,100
183,09:51:02,3233.93,100
184,09:50:58,3234.81,297
185,09:50:58,3236.365,100
186,09:50:49,3235.77,100
187,09:50:48,3236.39,100
188,09:50:18,3236.68,100
189,09:50:18,3236.61,100
190,09:50:08,3237.245,200
191,09:50:07,3238.165,300
192,09:50:05,3237.99,100
193,09:50:05,3237.0,250
194,09:50:05,3237.0,171
195,09:50:05,3236.3561,298
196,09:50:05,3236.5,171
197,09:50:05,3236.99,370
198,09:50:05,3236.49,370
199,09:50:02,3235.01,100
200,09:50:02,3234.8,100
201,09:50:02,3236.3054,160
202,09:50:02,3236.4191,543
203,09:50:02,3235.69,100
204,09:50:01,3235.8499,1000
205,09:50:00,3233.918,206
206,09:50:00,3235.0,151
207,09:49:55,3233.01,700
208,09:49:52,3230.9601,1000
209,09:49:47,3233.19,100
210,09:49:45,3233.21,1000
211,09:49:44,3232.33,1000
212,09:49:44,3232.315,1000
213,09:49:29,3232.05,200
214,09:49:05,3233.0303,121
215,09:49:05,3233.0303,309
216,09:49:05,3232.22,100
217,09:49:05,3232.72,100
218,09:49:05,3231.27,100
219,09:49:05,3231.16,100
220,09:49:05,3231.66,100
221,09:49:04,3231.2861,1000
222,09:48:54,3229.7485,100
223,09:48:53,3231.2146,1000
224,09:48:51,3230.69,1000
225,09:48:50,3230.0,100
226,09:48:43,3230.76,100
227,09:48:43,3231.11,100
228,09:48:34,3233.39,100
229,09:48:29,3234.72,250
230,09:48:20,3233.66,100
231,09:48:20,3234.77,100
232,09:48:20,3234.78,100
233,09:48:19,3233.4334,300
234,09:48:16,3233.93,500
235,09:48:16,3233.45,100
236,09:48:16,3233.47,100
237,09:48:16,3234.72,100
238,09:48:14,3235.99,664
239,09:48:14,3234.58,100
240,09:48:01,3234.145,100
241,09:47:54,3233.7723,100
242,09:47:48,3234.36,100
243,09:47:48,3235.26,100
244,09:47:42,3236.0,100
245,09:47:36,3236.445,100
246,09:47:00,3236.5,100
247,09:46:55,3237.2092,500
248,09:46:46,3237.93,100
249,09:46:46,3237.85,150
250,09:46:37,3235.7681,100
251,09:46:32,3236.0,400
252,09:46:27,3236.08,100
253,09:46:27,3236.71,100
254,09:46:27,3236.999,100
255,09:46:27,3234.63,100
256,09:46:26,3235.0,100
257,09:46:24,3237.0,100
258,09:46:15,3236.0,100
259,09:46:15,3235.95,100
260,09:46:15,3236.0,794
261,09:46:10,3236.0,100
262,09:46:08,3235.005,200
263,09:46:03,3235.9,100
264,09:45:55,3234.0,130
265,09:45:54,3235.95,100
266,09:45:53,3235.99,216
267,09:45:53,3235.98,100
268,09:45:35,3235.41,100
269,09:45:34,3235.38,200
270,09:45:31,3233.9318,200
271,09:45:28,3237.4556,100
272,09:45:20,3236.0,100
273,09:45:13,3236.9,100
274,09:45:12,3237.66,100
275,09:45:02,3238.8,100
276,09:45:02,3238.0,570
277,09:45:02,3238.0,176
278,09:45:02,3237.99,100
279,09:45:02,3238.0,223
280,09:45:02,3237.0,100
281,09:45:02,3237.0,104
282,09:45:01,3235.685,100
283,09:45:01,3235.685,250
284,09:44:40,3231.75,100
285,09:44:35,3232.5,200
286,09:44:35,3232.14,280
287,09:44:24,3230.58,100
288,09:44:23,3232.035,100
289,09:44:20,3233.5,100
290,09:44:05,3232.85,100
291,09:44:02,3232.97,100
292,09:43:57,3233.245,100
293,09:43:43,3234.61,100
294,09:43:30,3235.3128,592
295,09:43:30,3235.61,100
296,09:43:30,3235.664,100
297,09:43:30,3235.11,100
298,09:43:30,3235.18,100
299,09:43:27,3235.2188,1000
300,09:43:26,3235.76,1000
301,09:43:07,3233.895,100
302,09:43:06,3234.73,100
303,09:43:02,3235.08,100
304,09:43:01,3233.155,500
305,09:43:00,3234.0454,500
306,09:42:57,3233.5924,100
307,09:42:53,3234.22,100
308,09:42:43,3236.9999,500
309,09:42:42,3233.7,423
310,09:42:41,3234.6041,500
311,09:42:40,3235.105,500
312,09:42:37,3235.0,100
313,09:42:37,3235.0,100
314,09:42:37,3235.0,200
315,09:42:37,3235.0,200
316,09:42:34,3235.0,100
317,09:42:34,3235.0,100
318,09:42:33,3236.9599,100
319,09:42:28,3236.96,140
320,09:42:22,3236.76,100
321,09:42:20,3235.04,100
322,09:42:20,3235.6,100
323,09:42:18,3236.53,100
324,09:42:18,3236.53,332
325,09:42:18,3236.53,100
326,09:42:18,3236.53,134
327,09:42:18,3236.53,100
328,09:42:07,3238.3727,100
329,09:42:07,3239.0,100
330,09:41:59,3236.765,300
331,09:41:48,3235.881,100
332,09:41:45,3236.1225,107
333,09:41:40,3236.0,200
334,09:41:40,3236.0,100
335,09:41:40,3236.0,299
336,09:41:40,3236.0,100
337,09:41:40,3236.0,104
338,09:41:38,3235.0,100
339,09:41:38,3235.0,128
340,09:41:38,3235.0,100
341,09:41:38,3235.0,100
342,09:41:38,3235.0,100
343,09:41:38,3235.0,100
344,09:41:38,3235.0,107
345,09:41:38,3235.0,101
346,09:41:38,3235.0,101
347,09:41:38,3235.0,100
348,09:41:24,3236.55,100
349,09:41:24,3236.83,1000
350,09:41:24,3236.9953,1000
351,09:41:17,3233.6,100
352,09:41:17,3234.02,100
353,09:41:12,3235.005,100
354,09:41:10,3235.0,340
355,09:41:10,3235.0,386
356,09:41:03,3236.12,100
357,09:41:03,3236.645,100
358,09:41:03,3237.04,196
359,09:41:01,3235.515,100
360,09:41:01,3236.05,258
361,09:41:01,3235.84,100
362,09:41:00,3235.7158,100
363,09:40:55,3236.05,498
364,09:40:55,3234.62,100
365,09:40:55,3234.12,100
366,09:40:55,3235.405,100
367,09:40:51,3235.5,471
368,09:40:51,3235.45,100
369,09:40:51,3235.48,100
370,09:40:49,3235.31,100
371,09:40:42,3234.34,100
372,09:40:40,3236.45,100
373,09:40:36,3235.9,100
374,09:40:36,3236.0,173
375,09:40:31,3234.95,100
376,09:40:30,3233.9539,500
377,09:40:30,3234.045,100
378,09:40:30,3233.375,200
379,09:40:21,3233.25,100
380,09:40:20,3230.2475,1000
381,09:40:15,3229.6458,500
382,09:40:15,3234.0216,100
383,09:40:15,3234.0216,100
384,09:40:15,3234.242,100
385,09:40:14,3234.08,100
386,09:40:14,3234.085,100
387,09:40:12,3232.28,1000
388,09:40:05,3234.3243,112
389,09:40:04,3233.99,100
390,09:40:03,3232.24,100
391,09:40:01,3232.0,300
392,09:40:01,3232.0,100
393,09:40:01,3232.0,300
394,09:40:01,3232.0,200
395,09:40:01,3231.47,100
396,09:40:00,3230.7226,151
397,09:39:57,3229.015,100
398,09:39:57,3229.7613,120
399,09:39:47,3227.6318,100
400,09:39:44,3229.69,150
401,09:39:42,3229.25,100
402,09:39:39,3230.48,150
403,09:39:32,3229.94,100
404,09:39:29,3229.85,100
405,09:39:26,3230.14,100
406,09:39:23,3230.41,100
407,09:39:23,3231.9999,1000
408,09:39:22,3230.38,100
409,09:39:13,3230.54,100
410,09:39:13,3230.4,100
411,09:39:06,3231.86,220
412,09:39:02,3231.13,100
413,09:39:02,3231.0,422
414,09:39:02,3231.0,578
415,09:39:02,3230.46,100
416,09:38:54,3229.555,100
417,09:38:54,3230.71,100
418,09:38:53,3230.0,705
419,09:38:53,3229.95,100
420,09:38:53,3230.0,100
421,09:38:53,3230.0,100
422,09:38:53,3230.0,100
423,09:38:53,3230.0,140
424,09:38:53,3230.0,100
425,09:38:53,3230.0,205
426,09:38:53,3229.0,500
427,09:38:53,3229.0,100
428,09:38:53,3227.93,100
429,09:38:53,3228.3,100
430,09:38:53,3227.8,100
431,09:38:53,3227.89,100
432,09:38:36,3227.915,100
433,09:38:17,3227.66,200
434,09:38:14,3227.8136,331
435,09:38:13,3227.66,100
436,09:38:10,3228.8699,400
437,09:38:09,3226.925,100
438,09:38:08,3227.8,400
439,09:38:08,3227.44,100
440,09:38:01,3226.97,100
441,09:37:52,3224.58,100
442,09:37:46,3224.16,100
443,09:37:22,3226.34,100
444,09:37:20,3226.9591,100
445,09:37:19,3226.595,100
446,09:37:10,3225.4301,1997
447,09:37:08,3227.4374,100
448,09:37:06,3224.86,100
449,09:37:05,3225.9,100
450,09:37:05,3227.0,142
451,09:37:05,3226.48,100
452,09:37:04,3226.46,100
453,09:37:04,3226.0,200
454,09:37:03,3223.64,100
455,09:37:02,3225.0,100
456,09:37:00,3222.86,100
457,09:37:00,3222.87,100
458,09:36:56,3222.52,100
459,09:36:55,3221.78,100
460,09:36:55,3221.27,100
461,09:36:51,3221.0,100
462,09:36:51,3222.4971,272
463,09:36:51,3220.97,100
464,09:36:51,3220.942,100
465,09:36:51,3220.928,100
466,09:36:51,3220.852,100
467,09:36:51,3220.776,100
468,09:36:51,3220.17,100
469,09:36:51,3220.83,100
470,09:36:51,3220.84,100
471,09:36:51,3220.97,100
472,09:36:51,3220.0,100
473,09:36:51,3220.0,370
474,09:36:51,3220.0,100
475,09:36:35,3219.5,100
476,09:36:34,3219.83,111
477,09:36:34,3220.0,100
478,09:36:34,3220.15,100
479,09:36:34,3221.45,100
480,09:36:33,3223.295,100
481,09:36:33,3223.295,118
482,09:36:12,3222.14,100
483,09:36:06,3223.04,100
484,09:36:00,3221.8101,200
485,09:36:00,3221.82,100
486,09:36:00,3221.8,100
487,09:36:00,3221.8,112
488,09:36:00,3221.86,100
489,09:35:54,3218.95,100
490,09:35:54,3220.3,100
491,09:35:54,3220.3,100
492,09:35:54,3220.3,100
493,09:35:54,3220.3,100
494,09:35:54,3220.3,100
495,09:35:51,3220.3,100
496,09:35:51,3221.46,100
497,09:35:51,3221.19,100
498,09:35:40,3220.24,100
499,09:35:40,3220.28,100
500,09:35:40,3220.185,100
501,09:35:40,3220.25,100
502,09:35:40,3220.29,100
503,09:35:40,3220.29,102
504,09:35:38,3217.544,300
505,09:35:35,3220.405,100
506,09:35:35,3220.0,249
507,09:35:35,3220.0,656
508,09:35:35,3220.0,100
509,09:35:35,3220.0,123
510,09:35:35,3220.38,100
511,09:35:35,3220.26,100
512,09:35:35,3220.25,199
513,09:35:35,3220.3,100
514,09:35:35,3220.25,1327
515,09:35:35,3220.78,100
516,09:35:31,3221.28,100
517,09:35:29,3221.26,100
518,09:35:29,3221.27,100
519,09:35:23,3223.5233,300
520,09:35:21,3224.65,100
521,09:35:20,3224.445,100
522,09:35:20,3225.22,100
523,09:35:20,3225.55,158
524,09:35:12,3223.33,100
525,09:35:11,3223.8244,100
526,09:35:08,3221.98,100
527,09:35:08,3221.98,100
528,09:35:08,3222.45,100
529,09:35:05,3224.5,225
530,09:35:05,3222.67,100
531,09:34:52,3221.125,200
532,09:34:52,3221.8448,200
533,09:34:52,3221.125,100
534,09:34:52,3221.0,100
535,09:34:50,3221.72,100
536,09:34:40,3223.53,100
537,09:34:34,3222.86,100
538,09:34:32,3224.2,100
539,09:34:25,3224.945,100
540,09:34:18,3223.0694,750
541,09:34:10,3225.59,100
542,09:34:10,3226.04,100
543,09:33:53,3226.0899,100
544,09:33:52,3224.82,100
545,09:33:44,3220.25,116
546,09:33:41,3221.41,100
547,09:33:41,3221.05,300
548,09:33:32,3223.775,390
549,09:33:19,3227.4784,250
550,09:33:17,3225.696,100
551,09:33:17,3225.69,489
552,09:33:11,3226.53,200
553,09:33:09,3225.6801,100
554,09:33:07,3227.55,100
555,09:33:07,3227.51,100
556,09:33:00,3227.35,210
557,09:33:00,3227.35,2900
558,09:33:00,3227.0,100
559,09:33:00,3226.95,100
560,09:33:00,3226.86,100
561,09:33:00,3225.99,100
562,09:33:00,3225.975,100
563,09:33:00,3225.95,100
564,09:33:00,3225.982,100
565,09:33:00,3225.97,100
566,09:33:00,3225.95,100
567,09:33:00,3225.0,245
568,09:33:00,3224.84,100
569,09:33:00,3224.89,461
570,09:33:00,3225.0,100
571,09:33:00,3225.0,100
572,09:32:59,3221.1883,100
573,09:32:56,3221.825,100
574,09:32:56,3221.66,100
575,09:32:46,3222.43,100
576,09:32:39,3221.96,100
577,09:32:37,3221.46,350
578,09:32:34,3220.84,100
579,09:32:17,3222.9,100
580,09:32:17,3223.85,100
581,09:32:17,3224.0,100
582,09:32:16,3223.0,905
583,09:32:11,3221.73,100
584,09:32:11,3221.72,100
585,09:32:11,3222.57,100
586,09:32:11,3222.56,100
587,09:32:11,3221.2064,100
588,09:32:09,3221.8499,100
589,09:32:06,3220.555,100
590,09:32:00,3219.95,100
591,09:32:00,3220.0,100
592,09:32:00,3219.8,100
593,09:31:52,3215.08,100
594,09:31:52,3215.225,100
595,09:31:52,3215.41,100
596,09:31:50,3216.99,400
597,09:31:42,3213.225,100
598,09:31:41,3214.435,250
599,09:31:41,3214.99,100
600,09:31:35,3211.825,100
601,09:31:34,3212.07,100
602,09:31:33,3215.2,100
603,09:31:29,3215.0,100
604,09:31:27,3215.62,100
605,09:31:27,3215.25,1799
606,09:31:27,3214.99,100
607,09:31:27,3215.0,100
608,09:31:27,3215.0,100
609,09:31:27,3215.0,100
610,09:31:15,3210.4993,100
611,09:31:05,3210.5544,100
612,09:31:03,3210.6215,100
613,09:31:01,3211.04,100
614,09:31:01,3211.05,100
615,09:30:59,3212.2,100
616,09:30:58,3212.38,100
617,09:30:58,3212.33,100
618,09:30:57,3214.12,100
619,09:30:51,3214.18,100
620,09:30:50,3215.7,100
621,09:30:48,3215.74,100
622,09:30:47,3215.74,100
623,09:30:47,3215.48,100
624,09:30:45,3215.005,100
625,09:30:45,3216.2399,100
626,09:30:42,3216.13,100
627,09:30:42,3217.26,100
628,09:30:39,3218.0,100
629,09:30:39,3217.52,100
630,09:30:38,3218.0,100
631,09:30:30,3217.22,100
632,09:30:24,3216.59,100
633,09:30:24,3216.87,100
634,09:30:24,3217.0,100
635,09:30:21,3214.63,100
636,09:30:21,3214.63,121
637,09:30:21,3214.59,100
638,09:30:20,3213.57,100
639,09:30:10,3214.0,100
640,09:30:10,3214.17,100
641,09:30:10,3214.0,413
642,09:30:10,3214.0,350
643,09:30:03,3217.1,100
644,09:30:03,3216.655,100
645,09:30:02,3215.5,625
646,09:30:02,3215.5,10
647,09:30:02,3215.5,1
648,09:30:02,3215.5,1
649,09:30:02,3215.5,1
650,09:30:02,3215.5,1
651,09:30:02,3215.5,10
652,09:30:02,3215.5,10
653,09:30:02,3215.5,1
654,09:30:02,3215.5,2
655,09:30:02,3215.5,1
656,09:30:02,3215.5,1
657,09:30:02,3215.5,2
658,09:30:02,3215.5,3
659,09:30:02,3215.5,3
660,09:30:02,3215.5,5
661,09:30:02,3215.5,1
662,09:30:02,3215.5,1
663,09:30:02,3215.5,1
664,09:30:02,3215.5,2
665,09:30:02,3215.5,1
666,09:30:02,3215.5,50
667,09:30:02,3215.5,1
668,09:30:02,3215.5,1
669,09:30:02,3215.5,1
670,09:30:02,3215.5,6
671,09:30:02,3215.5,14
672,09:30:02,3215.5,100
673,09:30:02,3215.5,1
674,09:30:02,3215.5,3
675,09:30:02,3215.5,2
676,09:30:02,3215.5,1
677,09:30:02,3215.5,1
678,09:30:02,3215.5,2
679,09:30:02,3215.5,1
680,09:30:02,3215.5,1
681,09:30:02,3215.5,1
682,09:30:02,3215.5,8
683,09:30:02,3215.5,100
684,09:30:02,3215.5,1
685,09:30:02,3215.5,2
686,09:30:02,3215.5,7
687,09:30:02,3215.5,7
688,09:30:02,3215.5,2
689,09:30:02,3215.5,1
690,09:30:02,3215.5,6
691,09:30:02,3215.5,17
692,09:30:02,3215.5,6
693,09:30:02,3215.5,2
694,09:30:02,3215.5,12
695,09:30:02,3215.5,5
696,09:30:02,3215.5,5
697,09:30:02,3215.5,1
698,09:30:02,3215.5,3
699,09:30:02,3215.5,1
700,09:30:02,3215.5,3
701,09:30:02,3215.5,3
702,09:30:02,3215.5,3
703,09:30:02,3215.5,2
704,09:30:02,3215.5,12
705,09:30:02,3215.5,1
706,09:30:02,3215.5,2
707,09:30:02,3215.5,2
708,09:30:02,3215.5,2
709,09:30:02,3215.5,2
710,09:30:02,3215.5,3
711,09:30:02,3215.5,1
712,09:30:02,3215.5,10
713,09:30:02,3215.5,3
714,09:30:02,3215.5,3
715,09:30:02,3215.5,1
716,09:30:02,3215.5,7
717,09:30:02,3215.5,10
718,09:30:02,3215.5,14
719,09:30:02,3215.5,20
720,09:30:02,3215.5,100
721,09:30:02,3215.5,1
722,09:30:02,3215.5,7
723,09:30:02,3215.5,2
724,09:30:02,3215.5,8
725,09:30:02,3215.5,2
726,09:30:02,3215.5,4
727,09:30:02,3215.5,3
728,09:30:02,3215.5,1
729,09:30:02,3215.5,2
730,09:30:02,3215.5,2
731,09:30:02,3215.5,3
732,09:30:02,3215.5,1
733,09:30:02,3215.5,1
734,09:30:02,3215.5,3
735,09:30:02,3215.5,1
736,09:30:02,3215.5,1
737,09:30:02,3215.5,2
738,09:30:02,3215.5,1
739,09:30:02,3215.5,20
740,09:30:02,3215.5,3
741,09:30:02,3215.5,22
742,09:30:02,3215.5,2
743,09:30:02,3215.5,5
744,09:30:02,3215.5,3
745,09:30:02,3215.5,2
746,09:30:02,3215.5,1
747,09:30:02,3215.5,2
748,09:30:02,3215.5,1
749,09:30:02,3215.5,1
750,09:30:02,3215.5,7
751,09:30:02,3215.5,5
752,09:30:02,3215.5,2000
753,09:30:02,3215.5,2
754,09:30:02,3215.5,2
755,09:30:02,3215.5,1
756,09:30:02,3215.5,1
757,09:30:02,3215.5,1
758,09:30:02,3215.5,2
759,09:30:02,3215.5,5
760,09:30:02,3215.5,10
761,09:30:02,3215.5,2
762,09:30:02,3215.5,4
763,09:30:02,3215.5,1
764,09:30:02,3215.5,5
765,09:30:02,3215.5,156
766,09:30:02,3215.5,1
767,09:30:02,3215.5,5
768,09:30:02,3215.5,20
769,09:30:02,3215.5,1
770,09:30:02,3215.5,2
771,09:30:02,3215.5,1
772,09:30:02,3215.5,1
773,09:30:02,3215.5,3
774,09:30:02,3215.5,6
775,09:30:02,3215.5,15
776,09:30:02,3215.5,1
777,09:30:02,3215.5,1
778,09:30:02,3215.5,1
779,09:30:02,3215.5,1
780,09:30:02,3215.5,1
781,09:30:02,3215.5,1
782,09:30:02,3215.5,3
783,09:30:02,3215.5,5
784,09:30:02,3215.5,1
785,09:30:02,3215.5,3
786,09:30:02,3215.5,1
787,09:30:02,3215.5,15
788,09:30:02,3215.5,5
789,09:30:02,3215.5,5
790,09:30:02,3215.5,654
791,09:30:02,3215.5,1
792,09:30:02,3215.5,8
793,09:30:02,3215.5,10
794,09:30:02,3215.5,4
795,09:30:02,3215.5,1
796,09:30:02,3215.5,2
797,09:30:02,3215.5,2
798,09:30:02,3215.5,1
799,09:30:02,3215.5,5
800,09:30:02,3215.5,3
801,09:30:02,3215.5,2
802,09:30:02,3215.5,1
803,09:30:02,3215.5,4
804,09:30:02,3215.5,3
805,09:30:02,3215.5,22
806,09:30:02,3215.5,3
807,09:30:02,3215.5,1
808,09:30:02,3215.5,1
809,09:30:02,3215.5,1
810,09:30:02,3215.5,32
811,09:30:02,3215.5,31
812,09:30:02,3215.5,14
813,09:30:02,3215.5,24
814,09:30:02,3215.5,8
815,09:30:02,3215.5,2
816,09:30:02,3215.5,5
817,09:30:02,3215.5,1
818,09:30:02,3215.5,1
819,09:30:02,3215.5,1
820,09:30:02,3215.5,2
821,09:30:02,3215.5,3
822,09:30:02,3215.5,3
823,09:30:02,3215.5,2
824,09:30:02,3215.5,2
825,09:30:02,3215.5,3
826,09:30:02,3215.5,1
827,09:30:02,3215.5,20
828,09:30:02,3215.5,1
829,09:30:02,3215.5,1
830,09:30:02,3215.5,3
831,09:30:02,3215.5,1
832,09:30:02,3215.5,3
833,09:30:02,3215.5,4
834,09:30:02,3215.5,5
835,09:30:02,3215.5,1
836,09:30:02,3215.5,1
837,09:30:02,3215.5,3
838,09:30:02,3215.5,1
839,09:30:02,3215.5,4
840,09:30:02,3215.5,1
841,09:30:02,3215.5,1
842,09:30:02,3215.5,1
843,09:30:02,3215.5,1
844,09:30:02,3215.5,31
845,09:30:02,3215.5,4
846,09:30:02,3215.5,2
847,09:30:02,3215.5,1
848,09:30:02,3215.5,1
849,09:30:02,3215.5,1
850,09:30:02,3215.5,2
851,09:30:02,3215.5,21
852,09:30:02,3215.5,2
853,09:30:02,3215.5,1
854,09:30:02,3215.5,2
855,09:30:02,3215.5,3
856,09:30:02,3215.5,1
857,09:30:02,3215.5,1
858,09:30:02,3215.5,30
859,09:30:02,3215.5,32
860,09:30:02,3215.5,1
861,09:30:02,3215.5,1
862,09:30:02,3215.5,2
863,09:30:02,3215.5,1
864,09:30:02,3215.5,1
865,09:30:02,3215.5,5
866,09:30:02,3215.5,1
867,09:30:02,3215.5,1
868,09:30:02,3215.5,1
869,09:30:02,3215.5,1
870,09:30:02,3215.5,5
871,09:30:02,3215.5,3
872,09:30:02,3215.5,10
873,09:30:02,3215.5,3
874,09:30:02,3215.5,1
875,09:30:02,3215.5,5
876,09:30:02,3215.5,4
877,09:30:02,3215.5,2
878,09:30:02,3215.5,1
879,09:30:02,3215.5,2
880,09:30:02,3215.5,10
881,09:30:02,3215.5,2
882,09:30:02,3215.5,2
883,09:30:02,3215.5,4
884,09:30:02,3215.5,1
885,09:30:02,3215.5,10
886,09:30:02,3215.5,5
887,09:30:02,3215.5,10
888,09:30:02,3215.5,7
889,09:30:02,3215.5,1
890,09:30:02,3215.5,1
891,09:30:02,3215.5,1
892,09:30:02,3215.5,20
893,09:30:02,3215.5,6
894,09:30:02,3215.5,10
895,09:30:02,3215.5,1
896,09:30:02,3215.5,2
897,09:30:02,3215.5,1
898,09:30:02,3215.5,10
899,09:30:02,3215.5,1
900,09:30:02,3215.5,1
901,09:30:02,3215.5,1
902,09:30:02,3215.5,4
903,09:30:02,3215.5,1
904,09:30:02,3215.5,6
905,09:30:02,3215.5,1
906,09:30:02,3215.5,5
907,09:30:02,3215.5,1
908,09:30:02,3215.5,3
909,09:30:02,3215.5,8
910,09:30:02,3215.5,1
911,09:30:02,3215.5,3
912,09:30:02,3215.5,5
913,09:30:02,3215.5,2
914,09:30:02,3215.5,1
915,09:30:02,3215.5,1
916,09:30:02,3215.5,1
917,09:30:02,3215.5,5
918,09:30:02,3215.5,5
919,09:30:02,3215.5,4
920,09:30:02,3215.5,1
921,09:30:02,3215.5,31
922,09:30:02,3215.5,3
923,09:30:02,3215.5,5
924,09:30:02,3215.5,1
925,09:30:02,3215.5,20
926,09:30:02,3215.5,18
927,09:30:02,3215.5,20
928,09:30:02,3215.5,1
929,09:30:02,3215.5,2
930,09:30:02,3215.5,1
931,09:30:02,3215.5,6
932,09:30:02,3215.5,2
933,09:30:02,3215.5,7
934,09:30:02,3215.5,2
935,09:30:02,3215.5,3
936,09:30:02,3215.5,1
937,09:30:02,3215.5,4
938,09:30:02,3215.5,2
939,09:30:02,3215.5,1
940,09:30:02,3215.5,6
941,09:30:02,3215.5,2
942,09:30:02,3215.5,1
943,09:30:02,3215.5,10
944,09:30:02,3215.5,1
945,09:30:02,3215.5,2
946,09:30:02,3215.5,1
947,09:30:02,3215.5,4
948,09:30:02,3215.5,1
949,09:30:02,3215.5,1
950,09:30:02,3215.5,1
951,09:30:02,3215.5,1
952,09:30:02,3215.5,1
953,09:30:02,3215.5,1
954,09:30:02,3215.5,12
955,09:30:02,3215.5,3
956,09:30:02,3215.5,11
957,09:30:02,3215.5,35
958,09:30:02,3215.5,20
959,09:30:02,3215.5,3
960,09:30:02,3215.5,1
961,09:30:02,3215.5,10
962,09:30:02,3215.5,3
963,09:30:02,3215.5,1
964,09:30:02,3215.5,2
965,09:30:02,3215.5,1
966,09:30:02,3215.5,4
967,09:30:02,3215.5,1
968,09:30:02,3215.5,1
969,09:30:02,3215.5,1
970,09:30:02,3215.5,4
971,09:30:02,3215.5,3
972,09:30:02,3215.5,2
973,09:30:02,3215.5,1
974,09:30:02,3215.5,1
975,09:30:02,3215.5,1
976,09:30:02,3215.5,3
977,09:30:02,3215.5,3
978,09:30:02,3215.5,1
979,09:30:02,3215.5,5
980,09:30:02,3215.5,2
981,09:30:02,3215.5,1
982,09:30:02,3215.5,1
983,09:30:02,3215.5,2
984,09:30:02,3215.5,2
985,09:30:02,3215.5,7
986,09:30:02,3215.5,7
987,09:30:02,3215.5,2
988,09:30:02,3215.5,5
989,09:30:02,3215.5,1
990,09:30:02,3215.5,1
991,09:30:02,3215.5,1
992,09:30:02,3215.5,3
993,09:30:02,3215.5,2
994,09:30:02,3215.5,3
995,09:30:02,3215.5,4
996,09:30:02,3215.5,1
997,09:30:02,3215.5,4
998,09:30:02,3215.5,1
999,09:30:02,3215.5,2
1000,09:30:02,3215.5,2
1001,09:30:02,3215.5,5
1002,09:30:02,3215.5,5
1003,09:30:02,3215.5,1
1004,09:30:02,3215.5,2
1005,09:30:02,3215.5,1
1006,09:30:02,3215.5,1
1007,09:30:02,3215.5,1
1008,09:30:02,3215.5,3
1009,09:30:02,3215.5,3
1010,09:30:02,3215.5,3
1011,09:30:02,3215.5,2
1012,09:30:02,3215.5,5
1013,09:30:02,3215.5,6
1014,09:30:02,3215.5,6
1015,09:30:02,3215.5,5
1016,09:30:02,3215.5,1
1017,09:30:02,3215.5,1
1018,09:30:02,3215.5,6
1019,09:30:02,3215.5,1
1020,09:30:02,3215.5,1
1021,09:30:02,3215.5,1
1022,09:30:02,3215.5,1
1023,09:30:02,3215.5,1
1024,09:30:02,3215.5,3
1025,09:30:02,3215.5,2
1026,09:30:02,3215.5,1
1027,09:30:02,3215.5,2
1028,09:30:02,3215.5,2
1029,09:30:02,3215.5,22
1030,09:30:02,3215.5,4
1031,09:30:02,3215.5,7
1032,09:30:02,3215.5,1
1033,09:30:02,3215.5,23
1034,09:30:02,3215.5,2
1035,09:30:02,3215.5,1
1036,09:30:02,3215.5,6
1037,09:30:02,3215.5,1
1038,09:30:02,3215.5,2
1039,09:30:02,3215.5,2
1040,09:30:02,3215.5,1
1041,09:30:02,3215.5,1
1042,09:30:02,3215.5,1
1043,09:30:02,3215.5,2
1044,09:30:02,3215.5,5
1045,09:30:02,3215.5,2
1046,09:30:02,3215.5,1
1047,09:30:02,3215.5,1
1048,09:30:02,3215.5,10
1049,09:30:02,3215.5,1
1050,09:30:02,3215.5,6
1051,09:30:02,3215.5,6
1052,09:30:02,3215.5,3
1053,09:30:02,3215.5,2
1054,09:30:02,3215.5,1
1055,09:30:02,3215.5,5
1056,09:30:02,3215.5,1
1057,09:30:02,3215.5,3
1058,09:30:02,3215.5,1
1059,09:30:02,3215.5,10
1060,09:30:02,3215.5,3
1061,09:30:02,3215.5,2
1062,09:30:02,3215.5,1
1063,09:30:02,3215.5,1
1064,09:30:02,3215.5,1
1065,09:30:02,3215.5,1
1066,09:30:02,3215.5,15
1067,09:30:02,3215.5,2
1068,09:30:02,3215.5,1
1069,09:30:02,3215.5,2
1070,09:30:02,3215.5,2
1071,09:30:02,3215.5,2
1072,09:30:02,3215.5,17
1073,09:30:02,3215.5,3
1074,09:30:02,3215.5,1
1075,09:30:02,3215.5,10
1076,09:30:02,3215.5,3
1077,09:30:02,3215.5,2
1078,09:30:02,3215.5,1
1079,09:30:02,3215.5,2
1080,09:30:02,3215.5,2
1081,09:30:02,3215.5,1
1082,09:30:02,3215.5,1
1083,09:30:02,3215.5,5
1084,09:30:02,3215.5,1
1085,09:30:02,3215.5,1
1086,09:30:02,3215.5,3
1087,09:30:02,3215.5,1
1088,09:30:02,3215.5,1
1089,09:30:02,3215.5,1
1090,09:30:02,3215.5,5
1091,09:30:02,3215.5,1
1092,09:30:02,3215.5,3
1093,09:30:02,3215.5,2
1094,09:30:02,3215.5,3
1095,09:30:02,3215.5,4
1096,09:30:02,3215.5,64
1097,09:30:02,3215.5,129
1098,09:30:02,3215.5,13
1099,09:30:02,3215.5,1
1100,09:30:02,3215.5,1
1101,09:30:02,3215.5,2
1102,09:30:02,3215.5,1
1103,09:30:02,3215.5,8
1104,09:30:02,3215.5,10
1105,09:30:02,3215.5,2
1106,09:30:02,3215.5,1
1107,09:30:02,3215.5,2
1108,09:30:02,3215.5,10
1109,09:30:02,3215.5,1
1110,09:30:02,3215.5,1
1111,09:30:02,3215.5,3
1112,09:30:02,3215.5,5
1113,09:30:02,3215.5,1
1114,09:30:02,3215.5,5
1115,09:30:02,3215.5,1
1116,09:30:02,3215.5,1
1117,09:30:02,3215.5,6
1118,09:30:02,3215.5,1
1119,09:30:02,3215.5,1
1120,09:30:02,3215.5,1
1121,09:30:02,3215.5,6
1122,09:30:02,3215.5,1
1123,09:30:02,3215.5,1
1124,09:30:02,3215.5,1
1125,09:30:02,3215.5,1
1126,09:30:02,3215.5,7
1127,09:30:02,3215.5,10
1128,09:30:02,3215.5,1
1129,09:30:02,3215.5,2
1130,09:30:02,3215.5,32
1131,09:30:02,3215.5,1
1132,09:30:02,3215.5,1
1133,09:30:02,3215.5,1
1134,09:30:02,3215.5,1
1135,09:30:02,3215.5,7
1136,09:30:02,3215.5,1
1137,09:30:02,3215.5,4
1138,09:30:02,3215.5,1
1139,09:30:02,3215.5,1
1140,09:30:02,3215.5,1
1141,09:30:02,3215.5,1
1142,09:30:02,3215.5,1
1143,09:30:02,3215.5,2
1144,09:30:02,3215.5,4
1145,09:30:02,3215.5,3
1146,09:30:02,3215.5,1
1147,09:30:02,3215.5,1
1148,09:30:02,3215.5,1
1149,09:30:02,3215.5,10
1150,09:30:02,3215.5,20
1151,09:30:02,3215.5,3
1152,09:30:02,3215.5,1
1153,09:30:02,3215.5,3
1154,09:30:02,3215.5,1
1155,09:30:02,3215.5,2
1156,09:30:02,3215.5,78
1157,09:30:02,3215.5,3
1158,09:30:02,3215.5,1
1159,09:30:02,3215.5,1
1160,09:30:02,3215.5,15
1161,09:30:02,3215.5,1
1162,09:30:02,3215.5,2
1163,09:30:02,3215.5,4
1164,09:30:02,3215.5,3
1165,09:30:02,3215.5,1
1166,09:30:02,3215.5,1
1167,09:30:02,3215.5,4
1168,09:30:02,3215.5,1
1169,09:30:02,3215.5,2
1170,09:30:02,3215.5,1
1171,09:30:02,3215.5,1
1172,09:30:02,3215.5,10
1173,09:30:02,3215.5,1
1174,09:30:02,3215.5,10
1175,09:30:02,3215.5,1
1176,09:30:02,3215.5,3
1177,09:30:02,3215.5,1
1178,09:30:02,3215.5,3
1179,09:30:02,3215.5,4
1180,09:30:02,3215.5,1
1181,09:30:02,3215.5,1
1182,09:30:02,3215.5,1
1183,09:30:02,3215.5,20
1184,09:30:02,3215.5,1
1185,09:30:02,3215.5,2
1186,09:30:02,3215.5,2
1187,09:30:02,3215.5,5
1188,09:30:02,3215.5,2
1189,09:30:02,3215.5,1
1190,09:30:02,3215.5,1
1191,09:30:02,3215.5,1
1192,09:30:02,3215.5,1
1193,09:30:02,3215.5,4
1194,09:30:02,3215.5,2
1195,09:30:02,3215.5,1
1196,09:30:02,3215.5,1
1197,09:30:02,3215.5,5
1198,09:30:02,3215.5,3
1199,09:30:02,3215.5,5
1200,09:30:02,3215.5,1
1201,09:30:02,3215.5,1
1202,09:30:02,3215.5,1
1203,09:30:02,3215.5,1
1204,09:30:02,3215.5,30
1205,09:30:02,3215.5,10
1206,09:30:02,3215.5,1
1207,09:30:02,3215.5,60
1208,09:30:02,3215.5,1
1209,09:30:02,3215.5,1
1210,09:30:02,3215.5,2
1211,09:30:02,3215.5,8
1212,09:30:02,3215.5,5
1213,09:30:02,3215.5,1
1214,09:30:02,3215.5,1
1215,09:30:02,3215.5,2
1216,09:30:02,3215.5,10
1217,09:30:02,3215.5,6
1218,09:30:02,3215.5,5
1219,09:30:02,3215.5,3
1220,09:30:02,3215.5,3
1221,09:30:02,3215.5,3
1222,09:30:02,3215.5,4
1223,09:30:02,3215.5,3
1224,09:30:02,3215.5,5
1225,09:30:02,3215.5,2
1226,09:30:02,3215.5,2
1227,09:30:02,3215.5,10
1228,09:30:02,3215.5,5
1229,09:30:02,3215.5,4
1230,09:30:02,3215.5,5
1231,09:30:02,3215.5,16
1232,09:30:02,3215.5,7
1233,09:30:02,3215.5,1
1234,09:30:02,3215.5,1
1235,09:30:02,3215.5,5
1236,09:30:02,3215.5,2
1237,09:30:02,3215.5,10
1238,09:30:02,3215.5,8
1239,09:30:02,3215.5,3
1240,09:30:02,3215.5,2
1241,09:30:02,3215.5,2
1242,09:30:02,3215.5,8
1243,09:30:02,3215.5,8
1244,09:30:02,3215.5,1
1245,09:30:02,3215.5,6
1246,09:30:02,3215.5,9
1247,09:30:02,3215.5,8
1248,09:30:02,3215.5,6
1249,09:30:02,3215.5,5
1250,09:30:02,3215.5,5
1251,09:30:02,3215.5,1
1252,09:30:02,3215.5,3
1253,09:30:02,3215.5,3
1254,09:30:02,3215.5,3
1255,09:30:02,3215.5,3
1256,09:30:02,3215.5,3
1257,09:30:02,3215.5,30
1258,09:30:02,3215.5,9
1259,09:30:02,3215.5,10
1260,09:30:02,3215.5,1
1261,09:30:02,3215.5,9
1262,09:30:02,3215.5,3
1263,09:30:02,3215.5,96
1264,09:30:02,3215.5,140
1265,09:30:02,3215.5,10
1266,09:30:02,3215.5,1
1267,09:30:02,3215.5,7
1268,09:30:02,3215.5,1
1269,09:30:02,3215.5,1
1270,09:30:02,3215.5,7
1271,09:30:02,3215.5,5
1272,09:30:02,3215.5,1
1273,09:30:02,3215.5,6
1274,09:30:02,3215.5,1
1275,09:30:02,3215.5,3
1276,09:30:02,3215.5,1
1277,09:30:02,3215.5,3
1278,09:30:02,3215.5,3
1279,09:30:02,3215.5,1
1280,09:30:02,3215.5,1
1281,09:30:02,3215.5,199
1282,09:30:02,3215.5,1
1283,09:30:02,3215.5,40
1284,09:30:02,3215.5,1
1285,09:30:02,3215.5,1
1286,09:30:02,3215.5,4
1287,09:30:02,3215.5,1
1288,09:30:02,3215.5,1
1289,09:30:02,3215.5,6
1290,09:30:02,3215.5,1
1291,09:30:02,3215.5,1
1292,09:30:02,3215.5,3
1293,09:30:02,3215.5,1
1294,09:30:02,3215.5,1
1295,09:30:02,3215.5,1
1296,09:30:02,3215.5,4
1297,09:30:02,3215.5,5
1298,09:30:02,3215.5,2
1299,09:30:02,3215.5,1
1300,09:30:02,3215.5,3
1301,09:30:02,3215.5,5
1302,09:30:02,3215.5,1
1303,09:30:02,3215.5,1
1304,09:30:02,3215.5,31
1305,09:30:02,3215.5,2
1306,09:30:02,3215.5,1
1307,09:30:02,3215.5,1
1308,09:30:02,3215.5,2
1309,09:30:02,3215.5,1
1310,09:30:02,3215.5,4
1311,09:30:02,3215.5,1
1312,09:30:02,3215.5,6
1313,09:30:02,3215.5,1
1314,09:30:02,3215.5,32
1315,09:30:02,3215.5,10
1316,09:30:02,3215.5,20
1317,09:30:02,3215.5,1
1318,09:30:02,3215.5,2
1319,09:30:02,3215.5,1
1320,09:30:02,3215.5,2
1321,09:30:02,3215.5,2
1322,09:30:02,3215.5,2
1323,09:30:02,3215.5,3
1324,09:30:02,3215.5,1
1325,09:30:02,3215.5,1
1326,09:30:02,3215.5,1
1327,09:30:02,3215.5,5
1328,09:30:02,3215.5,1
1329,09:30:02,3215.5,1
1330,09:30:02,3215.5,17
1331,09:30:02,3215.5,30
1332,09:30:02,3215.5,3
1333,09:30:02,3215.5,10
1334,09:30:02,3215.5,1
1335,09:30:02,3215.5,1
1336,09:30:02,3215.5,1
1337,09:30:02,3215.5,25
1338,09:30:02,3215.5,1
1339,09:30:02,3215.5,1
1340,09:30:02,3215.5,38
1341,09:30:02,3215.5,2
1342,09:30:02,3215.5,1
1343,09:30:02,3215.5,3
1344,09:30:02,3215.5,2
1345,09:30:02,3215.5,6
1346,09:30:02,3215.5,2
1347,09:30:02,3215.5,1
1348,09:30:02,3215.5,1
1349,09:30:02,3215.5,1
1350,09:30:02,3215.5,3
1351,09:30:02,3215.5,1
1352,09:30:02,3215.5,2
1353,09:30:02,3215.5,2
1354,09:30:02,3215.5,4
1355,09:30:02,3215.5,10
1356,09:30:02,3215.5,2
1357,09:30:02,3215.5,1
1358,09:30:02,3215.5,1
1359,09:30:02,3215.5,3
1360,09:30:02,3215.5,100
1361,09:30:02,3215.5,185
1362,09:30:02,3215.5,1
1363,09:30:02,3215.5,201
1364,09:30:02,3215.5,1
1365,09:30:02,3215.5,3
1366,09:30:02,3215.5,2
1367,09:30:02,3215.5,1
1368,09:30:02,3215.5,12
1369,09:30:02,3215.5,4
1370,09:30:02,3215.5,1
1371,09:30:02,3215.5,15
1372,09:30:02,3215.5,1
1373,09:30:02,3215.5,2
1374,09:30:02,3215.5,33
1375,09:30:02,3215.5,1
1376,09:30:02,3215.5,1
1377,09:30:02,3215.5,5
1378,09:30:02,3215.5,5
1379,09:30:02,3215.5,7
1380,09:30:02,3215.5,1
1381,09:30:02,3215.5,9
1382,09:30:02,3215.5,33
1383,09:30:02,3215.5,3
1384,09:30:02,3215.5,8
1385,09:30:02,3215.5,50
1386,09:30:02,3215.5,50
1387,09:30:02,3215.5,50
1388,09:30:02,3215.5,100
1389,09:30:02,3215.5,100
1390,09:30:02,3215.5,1
1391,09:30:02,3215.5,25
1392,09:30:02,3215.5,20
1393,09:30:02,3215.5,4
1394,09:30:02,3215.5,2
1395,09:30:02,3215.5,42
1396,09:30:02,3215.5,58
1397,09:30:02,3215.5,60
1398,09:30:02,3215.5,1
1399,09:30:02,3215.5,585
1400,09:30:02,3215.5,1
1401,09:30:02,3215.5,1
1402,09:30:02,3215.5,1
1403,09:30:02,3215.5,5
1404,09:30:02,3215.5,1
1405,09:30:02,3215.5,1
1406,09:30:02,3215.5,3
1407,09:30:02,3215.5,20
1408,09:30:02,3215.5,6
1409,09:30:02,3215.5,1
1410,09:30:02,3215.5,4
1411,09:30:02,3215.5,3
1412,09:30:02,3215.5,1
1413,09:30:02,3215.5,1
1414,09:30:02,3215.5,1
1415,09:30:02,3215.5,1
1416,09:30:02,3215.5,1
1417,09:30:02,3215.5,1
1418,09:30:02,3215.5,3
1419,09:30:02,3215.5,25
1420,09:30:02,3215.5,1
1421,09:30:02,3215.5,3
1422,09:30:02,3215.5,12
1423,09:30:02,3215.5,5
1424,09:30:02,3215.5,5
1425,09:30:02,3215.5,4
1426,09:30:02,3215.5,2
1427,09:30:02,3215.5,47
1428,09:30:02,3215.5,195
1429,09:30:02,3215.5,6
1430,09:30:02,3215.5,6
1431,09:30:02,3215.5,5
1432,09:30:02,3215.5,1
1433,09:30:02,3215.5,1
1434,09:30:02,3215.5,1
1435,09:30:02,3215.5,7
1436,09:30:02,3215.5,10
1437,09:30:02,3215.5,1
1438,09:30:02,3215.5,2
1439,09:30:02,3215.5,5
1440,09:30:02,3215.5,9
1441,09:30:02,3215.5,3
1442,09:30:02,3215.5,1
1443,09:30:02,3215.5,2
1444,09:30:02,3215.5,4
1445,09:30:02,3215.5,4
1446,09:30:02,3215.5,4
1447,09:30:02,3215.5,4
1448,09:30:02,3215.5,4
1449,09:30:02,3215.5,4
1450,09:30:02,3215.5,236
1451,09:30:02,3215.5,3
1452,09:30:02,3215.5,1
1453,09:30:02,3215.5,1
1454,09:30:02,3215.5,2
1455,09:30:02,3215.5,4
1456,09:30:02,3215.5,3
1457,09:30:02,3215.5,5
1458,09:30:02,3215.5,1
1459,09:30:02,3215.5,1
1460,09:30:02,3215.5,1
1461,09:30:02,3215.5,1
1462,09:30:02,3215.5,1
1463,09:30:02,3215.5,3
1464,09:30:02,3215.5,10
1465,09:30:02,3215.5,2
1466,09:30:02,3215.5,1
1467,09:30:02,3215.5,1
1468,09:30:02,3215.5,1
1469,09:30:02,3215.5,1
1470,09:30:02,3215.5,2
1471,09:30:02,3215.5,2
1472,09:30:02,3215.5,1
1473,09:30:02,3215.5,2
1474,09:30:02,3215.5,1
1475,09:30:02,3215.5,1
1476,09:30:02,3215.5,2
1477,09:30:02,3215.5,1
1478,09:30:02,3215.5,1
1479,09:30:02,3215.5,1
1480,09:30:02,3215.5,1
1481,09:30:02,3215.5,1
1482,09:30:02,3215.5,1
1483,09:30:02,3215.5,1
1484,09:30:02,3215.5,6
1485,09:30:02,3215.5,2
1486,09:30:02,3215.5,2
1487,09:30:02,3215.5,5
1488,09:30:02,3215.5,1
1489,09:30:02,3215.5,1
1490,09:30:02,3215.5,1
1491,09:30:02,3215.5,1
1492,09:30:02,3215.5,2
1493,09:30:02,3215.5,1
1494,09:30:02,3215.5,2
1495,09:30:02,3215.5,1
1496,09:30:02,3215.5,3
1497,09:30:02,3215.5,1
1498,09:30:02,3215.5,1
1499,09:30:02,3215.5,1
1500,09:30:02,3215.5,1
1501,09:30:02,3215.5,2
1502,09:30:02,3215.5,1
1503,09:30:02,3215.5,2
1504,09:30:02,3215.5,1
1505,09:30:02,3215.5,1
1506,09:30:02,3215.5,1
1507,09:30:02,3215.5,1
1508,09:30:02,3215.5,4
1509,09:30:02,3215.5,1
1510,09:30:02,3215.5,1
1511,09:30:02,3215.5,2
1512,09:30:02,3215.5,1
1513,09:30:02,3215.5,9
1514,09:30:02,3215.5,3
1515,09:30:02,3215.5,1
1516,09:30:02,3215.5,1
1517,09:30:02,3215.5,2
1518,09:30:02,3215.5,1
1519,09:30:02,3215.5,1
1520,09:30:02,3215.5,1
1521,09:30:02,3215.5,1
1522,09:30:02,3215.5,19
1523,09:30:02,3215.5,4
1524,09:30:02,3215.5,11
1525,09:30:02,3215.5,4
1526,09:30:02,3215.5,900
1527,09:30:02,3215.5,1
1528,09:30:02,3215.5,1
1529,09:30:02,3215.5,16
1530,09:30:02,3215.5,2
1531,09:30:02,3215.5,2
1532,09:30:02,3215.5,1
1533,09:30:02,3215.5,1
1534,09:30:02,3215.5,3
1535,09:30:02,3215.5,2
1536,09:30:02,3215.5,1
1537,09:30:02,3215.5,11
1538,09:30:02,3215.5,13
1539,09:30:02,3215.5,1
1540,09:30:02,3215.5,1
1541,09:30:02,3215.5,2
1542,09:30:02,3215.5,5
1543,09:30:02,3215.5,2
1544,09:30:02,3215.5,1
1545,09:30:02,3215.5,2
1546,09:30:02,3215.5,4
1547,09:30:02,3215.5,5
1548,09:30:02,3215.5,1
1549,09:30:02,3215.5,8
1550,09:30:02,3215.5,80
1551,09:30:02,3215.5,8
1552,09:30:02,3215.5,1
1553,09:30:02,3215.5,1
1554,09:30:02,3215.5,5
1555,09:30:02,3215.5,1
1556,09:30:02,3215.5,1
1557,09:30:02,3215.5,1
1558,09:30:02,3215.5,2
1559,09:30:02,3215.5,1
1560,09:30:02,3215.5,5
1561,09:30:02,3215.5,8
1562,09:30:02,3215.5,5
1563,09:30:02,3215.5,1
1564,09:30:02,3215.5,4
1565,09:30:02,3215.5,14
1566,09:30:02,3215.5,5
1567,09:30:02,3215.5,5
1568,09:30:02,3215.5,3
1569,09:30:02,3215.5,1
1570,09:30:02,3215.5,5
1571,09:30:02,3215.5,2
1572,09:30:02,3215.5,2
1573,09:30:02,3215.5,107
1574,09:30:02,3215.5,1
1575,09:30:02,3215.5,4
1576,09:30:02,3215.5,48
1577,09:30:02,3215.5,24
1578,09:30:02,3215.5,12
1579,09:30:02,3215.5,126
1580,09:30:02,3215.5,382
1581,09:30:02,3215.5,212
1582,09:30:02,3215.5,1
1583,09:30:02,3215.5,2
1584,09:30:02,3215.5,4
1585,09:30:02,3215.5,3
1586,09:30:02,3215.5,3
1587,09:30:02,3215.5,3
1588,09:30:02,3215.5,6
1589,09:30:02,3215.5,100
1590,09:30:02,3215.5,100
1591,09:30:02,3215.5,500
1592,09:30:02,3215.5,5
1593,09:30:02,3215.5,1
1594,09:30:02,3215.5,1
1595,09:30:02,3215.5,7
1596,09:30:02,3215.5,8
1597,09:30:02,3215.5,32
1598,09:30:02,3215.5,1
1599,09:30:02,3215.5,32
1600,09:30:02,3215.5,2
1601,09:30:02,3215.5,14
1602,09:30:02,3215.5,6
1603,09:30:02,3215.5,108
1604,09:30:02,3215.5,3
1605,09:30:02,3215.5,100
1606,09:30:02,3215.5,30
1607,09:30:02,3215.5,3
1608,09:30:02,3215.5,11
1609,09:30:02,3215.5,6
1610,09:30:02,3215.5,3
1611,09:30:02,3215.5,11
1612,09:30:02,3215.5,3
1613,09:30:02,3215.5,1
1614,09:30:02,3215.5,176
1615,09:30:02,3215.5,1
1616,09:30:02,3215.5,353
1617,09:30:02,3215.5,1
1618,09:30:02,3215.5,1
1619,09:30:02,3215.5,1
1620,09:30:02,3215.5,27
1621,09:30:02,3215.5,253
1622,09:30:02,3215.5,195
1623,09:30:02,3215.5,25
1624,09:30:02,3215.5,17
1625,09:30:02,3215.5,700
1626,09:30:02,3215.5,1058
1627,09:30:02,3215.5,10
1628,09:30:02,3215.5,5
1629,09:30:02,3215.5,705
1630,09:30:02,3215.5,1
1631,09:30:02,3215.5,1
1632,09:30:02,3215.5,1
1633,09:30:02,3215.5,212
1634,09:30:02,3215.5,3
1635,09:30:02,3215.5,30
1636,09:30:02,3215.5,505
1637,09:30:02,3215.5,3
1638,09:30:02,3215.5,1
1639,09:30:02,3215.5,10
1640,09:30:02,3215.5,126
1641,09:30:02,3215.5,5
1642,09:30:02,3215.5,26
1643,09:30:02,3215.5,33
1644,09:30:02,3215.5,1
1645,09:30:02,3215.5,353
1646,09:30:02,3215.5,33
1647,09:30:02,3215.5,33
1648,09:30:02,3215.5,1
1649,09:30:02,3215.5,2
1650,09:30:02,3215.5,1
1651,09:30:02,3215.5,23
1652,09:30:02,3215.5,33
1653,09:30:02,3215.5,2
1654,09:30:02,3215.5,1
1655,09:30:02,3215.5,2
1656,09:30:02,3215.5,21
1657,09:30:02,3215.5,16
1658,09:30:02,3215.5,24
1659,09:30:02,3215.5,7
1660,09:30:02,3215.5,6
1661,09:30:02,3215.5,126
1662,09:30:02,3215.5,14
1663,09:30:02,3215.5,1
1664,09:30:02,3215.5,10
1665,09:30:02,3215.5,3
1666,09:30:02,3215.5,200
1667,09:30:02,3215.5,2
1668,09:30:02,3215.5,626
1669,09:30:02,3215.5,2
1670,09:30:02,3215.5,17
1671,09:30:02,3215.5,106
1672,09:30:02,3215.5,2
1673,09:30:02,3215.5,1
1674,09:30:02,3215.5,5
1675,09:30:02,3215.5,20
1676,09:30:02,3215.5,3
1677,09:30:02,3215.5,1
1678,09:30:02,3215.5,25
1679,09:30:02,3215.5,3
1680,09:30:02,3215.5,10
1681,09:30:02,3215.5,3
1682,09:30:02,3215.5,2
1683,09:30:02,3215.5,16
1684,09:30:02,3215.5,8
1685,09:30:02,3215.5,6
1686,09:30:02,3215.5,1
1687,09:30:02,3215.5,300
1688,09:30:02,3215.5,4
1689,09:30:02,3215.5,3
1690,09:30:02,3215.5,1
1691,09:30:02,3215.5,54
1692,09:30:02,3215.5,44
1693,09:30:02,3215.5,42
1694,09:30:02,3215.5,6
1695,09:30:02,3215.5,5
1696,09:30:02,3215.5,11
1697,09:30:02,3215.5,1
1698,09:30:02,3215.5,1
1699,09:30:02,3215.5,1
1700,09:30:02,3215.5,1
1701,09:30:02,3215.5,1
1702,09:30:02,3215.5,3
1703,09:30:02,3215.5,7
1704,09:30:02,3215.5,193
1705,09:30:02,3215.5,4
1706,09:30:02,3215.5,4
1707,09:30:02,3215.5,4
1708,09:30:02,3215.5,5
1709,09:30:02,3215.5,7
1710,09:30:02,3215.5,50
1711,09:30:02,3215.5,1
1712,09:30:02,3215.5,64
1713,09:30:02,3215.5,2
1714,09:30:02,3215.5,1
1715,09:30:02,3215.5,10
1716,09:30:02,3215.5,1
1717,09:30:02,3215.5,7
1718,09:30:02,3215.5,1
1719,09:30:02,3215.5,2
1720,09:30:02,3215.5,2
1721,09:30:02,3215.5,2000
1722,09:30:02,3215.5,6
1723,09:30:02,3215.5,3
1724,09:30:02,3215.5,5
1725,09:30:02,3215.5,10
1726,09:30:02,3215.5,2
1727,09:30:02,3215.5,2
1728,09:30:02,3215.5,5
1729,09:30:02,3215.5,150
1730,09:30:02,3215.5,2
1731,09:30:02,3215.5,6
1732,09:30:02,3215.5,1
1733,09:30:02,3215.5,10
1734,09:30:02,3215.5,1
1735,09:30:02,3215.5,12
1736,09:30:02,3215.5,1
1737,09:30:02,3215.5,5
1738,09:30:02,3215.5,1
1739,09:30:02,3215.5,5
1740,09:30:02,3215.5,30
1741,09:30:02,3215.5,9
1742,09:30:02,3215.5,30
1743,09:30:02,3215.5,1
1744,09:30:02,3215.5,5
1745,09:30:02,3215.5,5
1746,09:30:02,3215.5,20
1747,09:30:02,3215.5,1
1748,09:30:02,3215.5,1031
1749,09:30:02,3215.5,1
1750,09:30:02,3215.5,1
1751,09:30:02,3215.5,1
1752,09:30:02,3215.5,60
1753,09:30:02,3215.5,3
1754,09:30:02,3215.5,1
1755,09:30:02,3215.5,1
1756,09:30:02,3215.5,2
1757,09:30:02,3215.5,1
1758,09:30:02,3215.5,1
1759,09:30:02,3215.5,1
1760,09:30:02,3215.5,1
1761,09:30:02,3215.5,13
1762,09:30:02,3215.5,5
1763,09:30:02,3215.5,1
1764,09:30:02,3215.5,20
1765,09:30:02,3215.5,1
1766,09:30:02,3215.5,5
1767,09:30:02,3215.5,22
1768,09:30:02,3215.5,11
1769,09:30:02,3215.5,10
1770,09:30:02,3215.5,4
1771,09:30:02,3215.5,58
1772,09:30:02,3215.5,1
1773,09:30:02,3215.5,3
1774,09:30:02,3215.5,6
1775,09:30:02,3215.5,13
1776,09:30:02,3215.5,8
1777,09:30:02,3215.5,6
1778,09:30:02,3215.5,5
1779,09:30:02,3215.5,40
1780,09:30:02,3215.5,6
1781,09:30:02,3215.5,1
1782,09:30:02,3215.5,1
1783,09:30:02,3215.5,1
1784,09:30:02,3215.5,3
1785,09:30:02,3215.5,3
1786,09:30:02,3215.5,20
1787,09:30:02,3215.5,5
1788,09:30:02,3215.5,1
1789,09:30:02,3215.5,1
1790,09:30:02,3215.5,3
1791,09:30:02,3215.5,1
1792,09:30:02,3215.5,5
1793,09:30:02,3215.5,1
1794,09:30:02,3215.5,2
1795,09:30:02,3215.5,1
1796,09:30:02,3215.5,1
1797,09:30:02,3215.5,30
1798,09:30:02,3215.5,7
1799,09:30:02,3215.5,5
1800,09:30:02,3215.5,3
1801,09:30:02,3215.5,6
1802,09:30:02,3215.5,20
1803,09:30:02,3215.5,2
1804,09:30:02,3215.5,1
1805,09:30:02,3215.5,75
1806,09:30:02,3215.5,1
1807,09:30:02,3215.5,12
1808,09:30:02,3215.5,10
1809,09:30:02,3215.5,3
1810,09:30:02,3215.5,111
1811,09:30:02,3215.5,2
1812,09:30:02,3215.5,1
1813,09:30:02,3215.5,4
1814,09:30:02,3215.5,7
1815,09:30:02,3215.5,1
1816,09:30:02,3215.5,1
1817,09:30:02,3215.5,16
1818,09:30:02,3215.5,93
1819,09:30:02,3215.5,356
1820,09:30:02,3215.5,2
1821,09:30:02,3215.5,6
1822,09:30:02,3215.5,49
1823,09:30:02,3215.5,1
1824,09:30:02,3215.5,2
1825,09:30:02,3215.5,2
1826,09:30:02,3215.5,2
1827,09:30:02,3215.5,2
1828,09:30:02,3215.5,1
1829,09:30:02,3215.5,2
1830,09:30:02,3215.5,6
1831,09:30:02,3215.5,3
1832,09:30:02,3215.5,6
1833,09:30:02,3215.5,1
1834,09:30:02,3215.5,1
1835,09:30:02,3215.5,5
1836,09:30:02,3215.5,10
1837,09:30:02,3215.5,83
1838,09:30:02,3215.5,1
1839,09:30:02,3215.5,1
1840,09:30:02,3215.5,1
1841,09:30:02,3215.5,4
1842,09:30:02,3215.5,4
1843,09:30:02,3215.5,3
1844,09:30:02,3215.5,2
1845,09:30:02,3215.5,1
1846,09:30:02,3215.5,1
1847,09:30:02,3215.5,1
1848,09:30:02,3215.5,1
1849,09:30:02,3215.5,1
1850,09:30:02,3215.5,72
1851,09:30:02,3215.5,1
1852,09:30:02,3215.5,1
1853,09:30:02,3215.5,1
1854,09:30:02,3215.5,1
1855,09:30:02,3215.5,3
1856,09:30:02,3215.5,12
1857,09:30:02,3215.5,1
1858,09:30:02,3215.5,1
1859,09:30:02,3215.5,2
1860,09:30:02,3215.5,1
1861,09:30:02,3215.5,1
1862,09:30:02,3215.5,2
1863,09:30:02,3215.5,2
1864,09:30:02,3215.5,1
1865,09:30:02,3215.5,5
1866,09:30:02,3215.5,50
1867,09:30:02,3215.5,1
1868,09:30:02,3215.5,156
1869,09:30:02,3215.5,1
1870,09:30:02,3215.5,1
1871,09:30:02,3215.5,1
1872,09:30:02,3215.5,50
1873,09:30:02,3215.5,1
1874,09:30:02,3215.5,3
1875,09:30:02,3215.5,4
1876,09:30:02,3215.5,10
1877,09:30:02,3215.5,3
1878,09:30:02,3215.5,3
1879,09:30:02,3215.5,1
1880,09:30:02,3215.5,4
1881,09:30:02,3215.5,5
1882,09:30:02,3215.5,4
1883,09:30:02,3215.5,10
1884,09:30:02,3215.5,7
1885,09:30:02,3215.5,1
1886,09:30:02,3215.5,1
1887,09:30:02,3215.5,1
1888,09:30:02,3215.5,12
1889,09:30:02,3215.5,3
1890,09:30:02,3215.5,1
1891,09:30:02,3215.5,1
1892,09:30:02,3215.5,1
1893,09:30:02,3215.5,1
1894,09:30:02,3215.5,1
1895,09:30:02,3215.5,20
1896,09:30:02,3215.5,1
1897,09:30:02,3215.5,1
1898,09:30:02,3215.5,1
1899,09:30:02,3215.5,3
1900,09:30:02,3215.5,1
1901,09:30:02,3215.5,1
1902,09:30:02,3215.5,5
1903,09:30:02,3215.5,1
1904,09:30:02,3215.5,5
1905,09:30:02,3215.5,1
1906,09:30:02,3215.5,3
1907,09:30:02,3215.5,1
1908,09:30:02,3215.5,5
1909,09:30:02,3215.5,10
1910,09:30:02,3215.5,1
1911,09:30:02,3215.5,2
1912,09:30:02,3215.5,1
1913,09:30:02,3215.5,3
1914,09:30:02,3215.5,1
1915,09:30:02,3215.5,5
1916,09:30:02,3215.5,8
1917,09:30:02,3215.5,6
1918,09:30:02,3215.5,1
1919,09:30:02,3215.5,2
1920,09:30:02,3215.5,1
1921,09:30:02,3215.5,1
1922,09:30:02,3215.5,1
1923,09:30:02,3215.5,1
1924,09:30:02,3215.5,1
1925,09:30:02,3215.5,10
1926,09:30:02,3215.5,2
1927,09:30:02,3215.5,1
1928,09:30:02,3215.5,4
1929,09:30:02,3215.5,2
1930,09:30:02,3215.5,5
1931,09:30:02,3215.5,1
1932,09:30:02,3215.5,5
1933,09:30:02,3215.5,1
1934,09:30:02,3215.5,2
1935,09:30:02,3215.5,2
1936,09:30:02,3215.5,3
1937,09:30:02,3215.5,3
1938,09:30:02,3215.5,20
1939,09:30:02,3215.5,3
1940,09:30:02,3215.5,1
1941,09:30:02,3215.5,1
1942,09:30:02,3215.5,2
1943,09:30:02,3215.5,2
1944,09:30:02,3215.5,1
1945,09:30:02,3215.5,1
1946,09:30:02,3215.5,3
1947,09:30:02,3215.5,7
1948,09:30:02,3215.5,2
1949,09:30:02,3215.5,3
1950,09:30:02,3215.5,1
1951,09:30:02,3215.5,3
1952,09:30:02,3215.5,1
1953,09:30:02,3215.5,1
1954,09:30:02,3215.5,10
1955,09:30:02,3215.5,1
1956,09:30:02,3215.5,2
1957,09:30:02,3215.5,1
1958,09:30:02,3215.5,1
1959,09:30:02,3215.5,1
1960,09:30:02,3215.5,1
1961,09:30:02,3215.5,2
1962,09:30:02,3215.5,2
1963,09:30:02,3215.5,5
1964,09:30:02,3215.5,2
1965,09:30:02,3215.5,1
1966,09:30:02,3215.5,1
1967,09:30:02,3215.5,1
1968,09:30:02,3215.5,3
1969,09:30:02,3215.5,39
1970,09:30:02,3215.5,15
1971,09:30:02,3215.5,1
1972,09:30:02,3215.5,3
1973,09:30:02,3215.5,10
1974,09:30:02,3215.5,5
1975,09:30:02,3215.5,1
1976,09:30:02,3215.5,2
1977,09:30:02,3215.5,2
1978,09:30:02,3215.5,3
1979,09:30:02,3215.5,2
1980,09:30:02,3215.5,2
1981,09:30:02,3215.5,1
1982,09:30:02,3215.5,2
1983,09:30:02,3215.5,33
1984,09:30:02,3215.5,8
1985,09:30:02,3215.5,1
1986,09:30:02,3215.5,3
1987,09:30:02,3215.5,1
1988,09:30:02,3215.5,62
1989,09:30:02,3215.5,1
1990,09:30:02,3215.5,39
1991,09:30:02,3215.5,1
1992,09:30:02,3215.5,12
1993,09:30:02,3215.5,55
1994,09:30:02,3215.5,3
1995,09:30:02,3215.5,2
1996,09:30:02,3215.5,2
1997,09:30:02,3215.5,16
1998,09:30:02,3215.5,2
1999,09:30:02,3215.5,1
2000,09:30:02,3215.5,1
2001,09:30:02,3215.5,5
2002,09:30:02,3215.5,8
2003,09:30:02,3215.5,1
2004,09:30:02,3215.5,2
2005,09:30:02,3215.5,1
2006,09:30:02,3215.5,1
2007,09:30:02,3215.5,7
2008,09:30:02,3215.5,9
2009,09:30:02,3215.5,2
2010,09:30:02,3215.5,1
2011,09:30:02,3215.5,2
2012,09:30:02,3215.5,1
2013,09:30:02,3215.5,1
2014,09:30:02,3215.5,1
2015,09:30:02,3215.5,1
2016,09:30:02,3215.5,4
2017,09:30:02,3215.5,1
2018,09:30:02,3215.5,1
2019,09:30:02,3215.5,2
2020,09:30:02,3215.5,2
2021,09:30:02,3215.5,2
2022,09:30:02,3215.5,2
2023,09:30:02,3215.5,19
2024,09:30:02,3215.5,26
2025,09:30:02,3215.5,1
2026,09:30:02,3215.5,2
2027,09:30:02,3215.5,1
2028,09:30:02,3215.5,4
2029,09:30:02,3215.5,3
2030,09:30:02,3215.5,15
2031,09:30:02,3215.5,5
2032,09:30:02,3215.5,1
2033,09:30:02,3215.5,1
2034,09:30:02,3215.5,10
2035,09:30:02,3215.5,10
2036,09:30:02,3215.5,10
2037,09:30:02,3215.5,1
2038,09:30:02,3215.5,1
2039,09:30:02,3215.5,2
2040,09:30:02,3215.5,1
2041,09:30:02,3215.5,4
2042,09:30:02,3215.5,1
2043,09:30:02,3215.5,10
2044,09:30:02,3215.5,31
2045,09:30:02,3215.5,2
2046,09:30:02,3215.5,3
2047,09:30:02,3215.5,1
2048,09:30:02,3215.5,4
2049,09:30:02,3215.5,4
2050,09:30:02,3215.5,1
2051,09:30:02,3215.5,2
2052,09:30:02,3215.5,1
2053,09:30:02,3215.5,312
2054,09:30:02,3215.5,5
2055,09:30:02,3215.5,1
2056,09:30:02,3215.5,1
2057,09:30:02,3215.5,1
2058,09:30:02,3215.5,25
2059,09:30:02,3215.5,3
2060,09:30:02,3215.5,1
2061,09:30:02,3215.5,1
2062,09:30:02,3215.5,1
2063,09:30:02,3215.5,2
2064,09:30:02,3215.5,1
2065,09:30:02,3215.5,4
2066,09:30:02,3215.5,5
2067,09:30:02,3215.5,2
2068,09:30:02,3215.5,1
2069,09:30:02,3215.5,1
2070,09:30:02,3215.5,3
2071,09:30:02,3215.5,2
2072,09:30:02,3215.5,3
2073,09:30:02,3215.5,1
2074,09:30:02,3215.5,15
2075,09:30:02,3215.5,1
2076,09:30:02,3215.5,3
2077,09:30:02,3215.5,4
2078,09:30:02,3215.5,6
2079,09:30:02,3215.5,1
2080,09:30:02,3215.5,6
2081,09:30:02,3215.5,5
2082,09:30:02,3215.5,4
2083,09:30:02,3215.5,4
2084,09:30:02,3215.5,5
2085,09:30:02,3215.5,10
2086,09:30:02,3215.5,1
2087,09:30:02,3215.5,3
2088,09:30:02,3215.5,1
2089,09:30:02,3215.5,10
2090,09:30:02,3215.5,70
2091,09:30:02,3215.5,2
2092,09:30:02,3215.5,1
2093,09:30:02,3215.5,5
2094,09:30:02,3215.5,10
2095,09:30:02,3215.5,1
2096,09:30:02,3215.5,16
2097,09:30:02,3215.5,3
2098,09:30:02,3215.5,5
2099,09:30:02,3215.5,1
2100,09:30:02,3215.5,100
2101,09:30:02,3215.5,1
2102,09:30:02,3215.5,265
2103,09:30:02,3215.5,38
2104,09:30:02,3215.5,10
2105,09:30:02,3215.5,31
2106,09:30:02,3215.5,700
2107,09:30:02,3215.5,100
2108,09:30:02,3215.5,49
2109,09:30:02,3215.5,15
2110,09:30:02,3215.5,100
2111,09:30:02,3215.5,93
2112,09:30:02,3215.5,22
2113,09:30:02,3215.5,58
2114,09:30:02,3215.5,50
2115,09:30:02,3215.5,1000
2116,09:30:02,3215.5,1
2117,09:30:02,3215.5,2
2118,09:30:02,3215.5,2
2119,09:30:02,3215.5,600
2120,09:30:02,3215.5,1
2121,09:30:02,3215.5,1
2122,09:30:02,3215.5,2
2123,09:30:02,3215.5,1
2124,09:30:02,3215.5,1
2125,09:30:02,3215.5,1
2126,09:30:02,3215.5,49
2127,09:30:02,3215.5,1
2128,09:30:02,3215.5,15
2129,09:30:02,3215.5,1
2130,09:30:02,3215.5,79
2131,09:30:02,3215.5,1
2132,09:30:02,3215.5,2
2133,09:30:02,3215.5,12
2134,09:30:02,3215.5,5
2135,09:30:02,3215.5,1
2136,09:30:02,3215.5,10
2137,09:30:02,3215.5,5
2138,09:30:02,3215.5,3
2139,09:30:02,3215.5,1
2140,09:30:02,3215.5,2
2141,09:30:02,3215.5,3
2142,09:30:02,3215.5,1
2143,09:30:02,3215.5,2
2144,09:30:02,3215.5,49
2145,09:30:02,3215.5,1
2146,09:30:02,3215.5,1
2147,09:30:02,3215.5,1
2148,09:30:02,3215.5,1
2149,09:30:02,3215.5,1
2150,09:30:02,3215.5,1
2151,09:30:02,3215.5,1
2152,09:30:02,3215.5,8
2153,09:30:02,3215.5,1
2154,09:30:02,3215.5,1
2155,09:30:02,3215.5,2
2156,09:30:02,3215.5,4
2157,09:30:00,3215.4005,100
2158,09:30:00,3215.5,30
2159,09:30:00,3215.5,27
2160,09:30:00,3215.5,273
2161,09:30:00,3215.25,100
2162,10:29:12,3246.4,100
2163,10:29:12,3246.67,100
2164,10:29:12,3246.41,300
2165,10:29:06,3246.0325,100
2166,10:29:06,3246.065,100
2167,10:29:05,3246.22,100
2168,10:29:05,3245.99,100
2169,10:29:05,3246.21,100
2170,10:28:51,3245.45,150
2171,10:28:49,3245.11,100
2172,10:28:40,3245.1,100
2173,10:28:34,3245.97,100
2174,10:28:34,3245.52,100
2175,10:28:11,3246.64,100
2176,10:28:11,3246.63,100
2177,10:28:11,3246.58,100
2178,10:28:09,3246.8748,100
2179,10:28:04,3245.68,100
2180,10:28:04,3245.99,100
2181,10:27:32,3245.29,100
2182,10:26:54,3245.45,100
2183,10:26:51,3245.33,100
2184,10:26:47,3244.99,100
2185,10:26:47,3244.99,100
2186,10:26:44,3244.99,100
2187,10:26:44,3244.99,100
2188,10:26:31,3244.85,100
2189,10:26:31,3244.85,100
2190,10:26:27,3244.2302,100
2191,10:26:11,3245.455,100
2192,10:26:09,3245.0,100
2193,10:26:09,3245.0,100
2194,10:25:55,3246.22,100
2195,10:25:42,3245.04,100
2196,10:25:19,3246.97,100
2197,10:25:19,3246.76,100
2198,10:25:19,3246.61,100
2199,10:25:19,3246.61,120
2200,10:25:18,3245.74,100
2201,10:25:18,3245.59,100
2202,10:25:18,3245.54,100
2203,10:25:17,3245.39,100
2204,10:25:17,3245.145,100
2205,10:25:17,3245.44,100
2206,10:25:17,3245.57,100
2207,10:25:17,3245.58,100
2208,10:25:17,3245.56,100
2209,10:25:17,3245.55,100
2210,10:25:16,3245.28,100
2211,10:25:16,3245.56,100
2212,10:25:16,3245.55,100
2213,10:25:16,3245.35,100
2214,10:25:16,3245.28,100
2215,10:25:16,3244.79,100
2216,10:24:55,3245.0,100
2217,10:24:55,3244.94,100
2218,10:24:43,3246.305,100
2219,10:24:24,3245.99,100
2220,10:24:12,3246.0,100
2221,10:24:05,3246.7286,200
2222,10:24:03,3245.9041,108
2223,10:23:47,3245.88,119
2224,10:23:46,3245.86,100
2225,10:23:38,3245.81,100
2226,10:23:28,3245.095,300
2227,10:23:16,3246.0336,100
2228,10:23:12,3246.0,100
2229,10:23:11,3246.3,100
2230,10:22:50,3245.0,100
2231,10:22:50,3245.0,100
2232,10:22:50,3245.0,100
2233,10:22:49,3244.98,100
2234,10:22:49,3245.0,100
2235,10:22:49,3244.96,100
2236,10:22:49,3244.98,100
2237,10:22:48,3245.0,100
2238,10:22:48,3244.96,100
2239,10:22:47,3245.0,200
2240,10:22:43,3244.795,100
2241,10:22:43,3244.945,300
2242,10:22:43,3245.0,100
2243,10:22:43,3244.86,100
2244,10:22:43,3245.0,160
2245,10:22:41,3244.88,100
2246,10:22:29,3244.34,100
2247,10:22:27,3243.84,100
2248,10:22:15,3244.58,100
2249,10:22:10,3244.35,100
2250,10:22:09,3243.95,200
2251,10:22:07,3244.17,100
2252,10:22:00,3244.3,200
2253,10:21:35,3243.87,100
2254,10:21:34,3244.75,100
2255,10:21:31,3243.46,100
2256,10:21:07,3242.9917,120
2257,10:21:04,3243.0,139
2258,10:20:16,3243.1807,200
2259,10:20:16,3243.75,100
2260,10:20:06,3243.54,100
2261,10:20:04,3243.72,100
2262,10:19:46,3242.0,106
2263,10:19:46,3242.0,100
2264,10:19:37,3242.98,115
2265,10:19:37,3242.98,211
2266,10:19:37,3243.0,156
2267,10:19:37,3242.98,100
2268,10:19:37,3242.86,100
2269,10:19:37,3242.9,100
2270,10:19:37,3242.98,411
2271,10:19:33,3242.8853,351
2272,10:19:32,3242.5,100
2273,10:19:32,3242.5,200
2274,10:19:31,3242.505,214
2275,10:19:31,3242.505,200
2276,10:19:24,3242.695,1000
2277,10:19:20,3242.0,100
2278,10:19:20,3242.0,241
2279,10:19:20,3242.0,431
2280,10:19:20,3242.0,265
2281,10:18:49,3242.745,200
2282,10:18:39,3242.085,100
2283,10:18:28,3242.2,122
2284,10:18:28,3242.2,150
2285,10:18:28,3242.2265,228
2286,10:18:27,3242.64,500
2287,10:18:26,3243.0987,500
2288,10:18:24,3242.4,100
2289,10:18:18,3241.81,100
2290,10:17:56,3242.905,100
2291,10:17:54,3242.51,200
2292,10:17:48,3243.5,100
2293,10:17:45,3243.725,100
2294,10:17:26,3243.4,208
2295,10:17:26,3244.28,100
2296,10:17:25,3244.26,100
2297,10:17:19,3243.4,100
2298,10:17:15,3243.395,700
2299,10:16:52,3243.805,200
2300,10:16:43,3244.74,100
2301,10:16:43,3243.99,100
2302,10:16:20,3244.0,100
2303,10:16:12,3243.97,100
2304,10:16:11,3243.95,100
2305,10:16:07,3243.97,100
2306,10:16:03,3243.5,100
2307,10:15:58,3244.0,100
2308,10:15:52,3244.0,100
2309,10:15:51,3244.925,100
2310,10:15:48,3244.93,100
2311,10:15:48,3244.9,100
2312,10:15:48,3244.64,100
2313,10:15:48,3244.81,100
2314,10:15:39,3243.0,128
2315,10:15:36,3242.02,141
2316,10:15:15,3241.92,100
2317,10:15:15,3241.78,100
2318,10:15:15,3241.78,455
2319,10:15:15,3241.78,591
2320,10:15:15,3241.78,100
2321,10:15:15,3241.78,268
2322,10:15:15,3241.78,100
2323,10:15:13,3241.485,100
2324,10:15:10,3241.0,100
2325,10:14:39,3240.99,200
2326,10:14:39,3241.0,100
2327,10:14:39,3241.0,130
2328,10:14:39,3240.995,100
2329,10:14:39,3241.0,100
2330,10:14:39,3240.995,100
2331,10:14:39,3240.83,100
2332,10:14:39,3240.99,100
2333,10:14:39,3241.06,100
2334,10:14:39,3241.0,200
2335,10:14:34,3241.67,100
2336,10:14:28,3241.8242,100
2337,10:14:27,3240.983,100
2338,10:14:20,3240.52,100
2339,10:14:10,3239.2528,250
2340,10:14:09,3240.02,100
2341,10:14:09,3239.52,100
2342,10:14:00,3240.19,177
2343,10:13:53,3240.09,200
2344,10:13:35,3241.165,250
2345,10:13:31,3241.1,104
2346,10:13:31,3240.99,100
2347,10:13:30,3240.7,100
2348,10:13:30,3240.6321,100
2349,10:13:27,3240.93,100
2350,10:13:27,3240.77,100
2351,10:13:27,3240.85,100
2352,10:13:25,3239.92,100
2353,10:13:23,3238.56,100
2354,10:13:23,3238.97,100
2355,10:13:23,3239.99,150
2356,10:13:23,3238.64,100
2357,10:13:21,3239.475,100
2358,10:13:15,3239.98,100
2359,10:13:15,3239.98,100
2360,10:13:13,3238.52,174
2361,10:13:09,3239.94,100
2362,10:13:09,3240.0,100
2363,10:13:04,3239.99,100
2364,10:13:01,3239.94,100
2365,10:13:00,3239.94,100
2366,10:12:41,3239.61,100
2367,10:12:41,3239.87,100
2368,10:12:41,3239.27,100
2369,10:12:20,3238.81,1000
2370,10:12:19,3239.1716,1000
2371,10:12:09,3237.97,100
2372,10:11:47,3236.89,100
2373,10:11:46,3236.89,100
2374,10:11:46,3236.6,100
2375,10:11:46,3236.9,100
2376,10:11:46,3237.02,300
2377,10:11:46,3237.4701,100
2378,10:11:46,3237.47,100
2379,10:11:46,3237.47,100
2380,10:11:46,3237.67,100
2381,10:11:46,3237.57,100
2382,10:11:46,3237.17,100
2383,10:11:46,3237.53,100
2384,10:11:46,3237.84,100
2385,10:11:46,3237.67,100
2386,10:11:46,3237.17,100
2387,10:11:46,3237.956,200
2388,10:11:46,3237.48,200
2389,10:11:44,3238.075,100
2390,10:11:43,3238.075,1000
2391,10:11:42,3238.66,100
2392,10:11:42,3237.956,1000
2393,10:11:40,3238.69,100
2394,10:11:39,3238.69,100
2395,10:11:34,3237.8801,300
2396,10:11:14,3239.0,100
2397,10:11:14,3239.0,100
2398,10:11:14,3239.0,100
2399,10:11:14,3238.6,100
2400,10:11:13,3237.54,1000
2401,10:11:09,3237.0719,100
2402,10:11:02,3237.6253,113
2403,10:10:22,3236.945,100
2404,10:10:22,3236.0,156
2405,10:10:22,3236.2,100
2406,10:10:22,3236.06,100
2407,10:10:22,3236.0,100
2408,10:10:22,3235.97,100
2409,10:10:22,3236.975,100
2410,10:10:18,3237.2573,1000
2411,10:10:15,3236.115,200
2412,10:10:15,3235.92,100
2413,10:09:56,3234.4,100
2414,10:09:25,3235.9999,100
2415,10:09:15,3235.195,100
2416,10:09:00,3234.56,100
2417,10:08:59,3233.24,100
2418,10:08:40,3233.0,100
2419,10:08:40,3233.0,171
2420,10:08:37,3233.835,300
2421,10:07:56,3234.32,100
2422,10:07:42,3234.93,100
2423,10:07:34,3234.99,100
2424,10:07:29,3234.97,100
2425,10:06:49,3234.05,100
2426,10:06:48,3235.07,100
2427,10:06:43,3234.01,100
2428,10:06:33,3233.35,300
2429,10:06:26,3233.53,100
2430,10:06:12,3237.04,610
2431,10:06:12,3235.28,100
2432,10:06:12,3234.78,100
2433,10:06:11,3236.03,1000
2434,10:06:10,3237.04,545
2435,10:06:10,3236.21,300
2436,10:06:10,3236.87,100
2437,10:06:06,3237.325,1000
2438,10:06:04,3237.4274,1000
2439,10:05:51,3238.49,100
2440,10:05:06,3236.665,100
2441,10:05:02,3237.2,100
2442,10:05:02,3237.925,100
2443,10:05:02,3237.195,100
2444,10:05:02,3236.964,1000
2445,10:04:58,3236.36,100
2446,10:04:57,3236.685,1000
2447,10:04:55,3236.68,1000
2448,10:04:27,3234.28,136
2449,10:04:25,3235.17,153
2450,10:04:17,3235.39,100
2451,10:03:55,3237.3,100
2452,10:03:43,3236.97,100
2453,10:03:40,3236.315,1500
2454,10:03:38,3235.07,100
2455,10:03:38,3236.315,100
2456,10:03:38,3235.211,100
2457,10:03:38,3235.064,100
2458,10:03:38,3235.074,100
2459,10:03:38,3235.084,100
2460,10:03:38,3235.16,100
2461,10:03:37,3237.03,122
2462,10:03:36,3237.67,1500
2463,10:03:28,3236.8407,100
2464,10:03:27,3237.78,100
2465,10:03:27,3237.78,100
2466,10:03:07,3238.52,100
2467,10:03:06,3237.99,100
2468,10:03:06,3237.99,100
2469,10:03:06,3237.9999,766
2470,10:03:06,3238.0,100
2471,10:03:06,3237.632,100
2472,10:03:06,3237.695,100
2473,10:03:06,3237.11,100
2474,10:03:06,3237.11,100
2475,10:03:02,3236.955,1500
2476,10:03:01,3237.49,254
2477,10:03:01,3236.855,100
2478,10:02:58,3236.94,100
2479,10:02:49,3236.175,900
2480,10:02:47,3236.18,1000
2481,10:02:42,3236.18,1000
2482,10:02:34,3236.7769,198
2483,10:02:33,3237.39,100
2484,10:02:29,3237.2572,100
2485,10:02:09,3235.66,100
2486,10:01:58,3236.73,100
2487,10:01:58,3236.96,100
2488,10:01:58,3236.59,100
2489,10:01:58,3236.98,100
2490,10:01:58,3236.86,100
2491,10:01:58,3235.94,100
2492,10:01:58,3237.43,100
2493,10:01:56,3237.4375,100
2494,10:01:48,3237.91,100
2495,10:01:47,3238.0,100
2496,10:01:47,3237.24,100
2497,10:01:39,3237.793,100
2498,10:01:24,3237.565,100
2499,10:01:24,3237.58,100
2500,10:01:20,3236.56,100
2501,10:01:20,3237.86,100
2502,10:01:20,3236.56,400
2503,10:01:20,3236.56,600
2504,10:01:01,3236.78,100
2505,10:01:00,3237.0,100
2506,10:00:57,3235.95,100
2507,10:00:57,3235.76,100
2508,10:00:57,3235.95,100
2509,10:00:48,3235.205,100
2510,10:00:48,3235.51,100
2511,10:00:36,3234.85,100
2512,10:00:03,3235.0,150
2513,10:00:03,3235.0,100
2514,10:00:03,3234.0,100
2515,10:00:03,3234.09,100
2516,10:00:03,3234.0,100
2517,10:59:59,3247.25,100
2518,10:59:27,3247.39,109
2519,10:59:27,3247.38,100
2520,10:59:19,3248.12,100
2521,10:58:53,3248.08,100
2522,10:58:46,3247.99,100
2523,10:58:31,3248.0,100
2524,10:58:26,3248.105,100
2525,10:57:42,3247.26,100
2526,10:57:42,3247.26,100
2527,10:57:42,3247.26,100
2528,10:57:25,3247.38,100
2529,10:57:19,3247.65,100
2530,10:56:26,3247.25,232
2531,10:56:26,3247.22,100
2532,10:56:26,3247.26,100
2533,10:56:19,3248.0,100
2534,10:55:57,3247.16,100
2535,10:55:49,3247.359,119
2536,10:55:32,3247.99,100
2537,10:55:32,3247.9,100
2538,10:55:26,3247.22,100
2539,10:55:15,3246.39,100
2540,10:54:52,3247.175,100
2541,10:54:47,3247.02,100
2542,10:54:46,3246.82,100
2543,10:54:46,3246.82,121
2544,10:54:46,3246.77,100
2545,10:54:45,3246.61,100
2546,10:54:36,3246.57,100
2547,10:53:36,3246.25,100
2548,10:53:09,3245.785,100
2549,10:53:07,3245.77,100
2550,10:53:02,3245.4,100
2551,10:52:42,3246.65,100
2552,10:52:42,3246.65,186
2553,10:52:42,3246.0,100
2554,10:52:42,3246.518,100
2555,10:52:42,3245.99,100
2556,10:52:42,3246.0,100
2557,10:52:42,3245.98,100
2558,10:52:42,3245.72,100
2559,10:52:42,3245.72,100
2560,10:52:42,3245.44,400
2561,10:52:42,3245.422,100
2562,10:52:42,3245.44,100
2563,10:52:42,3245.416,100
2564,10:52:41,3245.008,185
2565,10:52:28,3245.52,123
2566,10:52:16,3245.81,100
2567,10:51:35,3246.38,100
2568,10:51:30,3245.82,100
2569,10:51:16,3246.37,100
2570,10:51:16,3246.5,100
2571,10:51:16,3246.5,100
2572,10:51:16,3246.5,100
2573,10:50:44,3247.21,100
2574,10:50:44,3247.21,100
2575,10:50:44,3247.2,100
2576,10:50:28,3248.1,100
2577,10:50:28,3248.08,100
2578,10:50:28,3248.1,100
2579,10:50:19,3248.0,100
2580,10:50:19,3247.35,100
2581,10:50:19,3247.35,100
2582,10:50:19,3247.35,100
2583,10:50:19,3247.35,100
2584,10:50:19,3247.35,100
2585,10:50:19,3247.35,100
2586,10:50:19,3248.17,100
2587,10:50:19,3248.3,100
2588,10:50:06,3247.9853,100
2589,10:49:51,3247.115,100
2590,10:49:51,3247.0,238
2591,10:49:51,3247.98,100
2592,10:49:08,3248.24,100
2593,10:49:07,3248.3259,100
2594,10:49:00,3248.175,100
2595,10:48:41,3247.88,100
2596,10:48:01,3248.765,100
2597,10:48:01,3248.5,100
2598,10:47:59,3246.94,100
2599,10:47:57,3246.45,100
2600,10:47:51,3247.06,300
2601,10:47:42,3247.64,100
2602,10:47:21,3247.095,100
2603,10:46:53,3246.12,100
2604,10:46:53,3245.97,100
2605,10:46:48,3246.84,100
2606,10:46:48,3246.86,100
2607,10:46:38,3246.12,100
2608,10:46:38,3246.12,100
2609,10:46:19,3246.785,100
2610,10:45:51,3247.02,100
2611,10:45:48,3247.19,100
2612,10:44:56,3247.145,100
2613,10:44:46,3247.88,400
2614,10:44:32,3248.1384,300
2615,10:44:21,3247.15,100
2616,10:44:21,3247.1,100
2617,10:44:02,3248.46,100
2618,10:44:02,3248.38,100
2619,10:44:02,3248.13,100
2620,10:43:55,3248.31,100
2621,10:43:42,3248.53,100
2622,10:43:42,3248.53,100
2623,10:43:33,3247.91,100
2624,10:43:33,3247.9,100
2625,10:43:13,3249.378,100
2626,10:43:07,3249.0,100
2627,10:42:51,3250.37,100
2628,10:42:36,3249.7414,500
2629,10:42:34,3249.5301,100
2630,10:42:21,3251.4711,100
2631,10:42:19,3250.8084,150
2632,10:42:11,3251.03,100
2633,10:42:05,3251.83,100
2634,10:42:04,3251.51,103
2635,10:42:04,3251.54,100
2636,10:41:58,3252.23,100
2637,10:41:52,3251.86,100
2638,10:41:50,3251.52,100
2639,10:41:37,3251.98,100
2640,10:41:37,3252.0,100
2641,10:41:30,3250.89,100
2642,10:41:19,3250.12,100
2643,10:41:18,3249.83,100
2644,10:41:13,3250.0,100
2645,10:41:13,3249.7625,100
2646,10:41:12,3250.0,100
2647,10:41:12,3249.935,100
2648,10:41:11,3250.0,100
2649,10:41:11,3249.57,100
2650,10:41:11,3249.61,150
2651,10:41:11,3249.57,100
2652,10:41:11,3249.57,120
2653,10:41:11,3250.0,100
2654,10:41:08,3249.6,232
2655,10:41:03,3249.985,100
2656,10:41:02,3249.985,100
2657,10:41:02,3250.0,200
2658,10:41:02,3249.985,100
2659,10:41:00,3249.99,200
2660,10:40:55,3250.34,100
2661,10:40:54,3249.59,200
2662,10:40:49,3249.99,300
2663,10:40:39,3249.775,100
2664,10:40:38,3249.91,200
2665,10:40:38,3250.0,400
2666,10:40:37,3249.7,100
2667,10:40:37,3250.0,100
2668,10:40:37,3249.7,200
2669,10:40:36,3249.91,100
2670,10:40:36,3249.75,100
2671,10:40:30,3250.74,100
2672,10:40:28,3251.235,100
2673,10:40:28,3251.235,100
2674,10:40:19,3251.175,100
2675,10:39:53,3250.2,100
2676,10:39:52,3251.3,200
2677,10:39:52,3250.555,100
2678,10:39:52,3250.5625,100
2679,10:39:41,3251.4,123
2680,10:39:38,3251.515,100
2681,10:39:37,3251.515,100
2682,10:39:34,3250.94,100
2683,10:39:33,3249.83,100
2684,10:39:33,3250.275,100
2685,10:39:32,3250.275,100
2686,10:39:31,3250.3425,100
2687,10:39:31,3250.38,100
2688,10:39:18,3250.61,200
2689,10:39:18,3250.61,100
2690,10:39:18,3250.905,200
2691,10:39:18,3250.905,100
2692,10:39:17,3250.54,100
2693,10:39:17,3250.58,100
2694,10:39:17,3250.61,100
2695,10:39:17,3250.71,100
2696,10:39:05,3249.94,100
2697,10:39:03,3249.99,200
2698,10:39:03,3250.49,100
2699,10:39:03,3251.3099,100
2700,10:39:02,3250.9775,100
2701,10:39:02,3250.79,200
2702,10:39:02,3250.79,200
2703,10:39:02,3251.0,155
2704,10:39:02,3250.79,300
2705,10:39:02,3250.79,100
2706,10:39:00,3250.63,380
2707,10:39:00,3250.96,100
2708,10:38:59,3250.425,131
2709,10:38:57,3250.33,400
2710,10:38:57,3250.435,400
2711,10:38:54,3249.84,1000
2712,10:38:54,3250.0,350
2713,10:38:54,3250.092,100
2714,10:38:54,3250.15,100
2715,10:38:54,3249.99,100
2716,10:38:54,3250.0,100
2717,10:38:54,3250.0,100
2718,10:38:54,3250.0,400
2719,10:38:54,3250.0,200
2720,10:38:54,3250.0,100
2721,10:38:54,3250.0,100
2722,10:38:54,3250.05,100
2723,10:38:54,3249.75,100
2724,10:38:54,3249.89,100
2725,10:38:54,3249.9,100
2726,10:38:49,3249.7824,200
2727,10:38:38,3249.87,100
2728,10:38:27,3249.36,100
2729,10:38:20,3248.925,100
2730,10:38:19,3248.62,100
2731,10:38:13,3248.9545,100
2732,10:37:56,3249.23,149
2733,10:37:43,3248.99,100
2734,10:37:36,3248.33,1380
2735,10:37:33,3249.06,100
2736,10:37:31,3248.86,100
2737,10:37:31,3248.89,100
2738,10:37:30,3249.29,200
2739,10:37:24,3247.95,100
2740,10:37:23,3248.18,100
2741,10:37:18,3248.0,100
2742,10:37:10,3247.5177,138
2743,10:36:45,3246.96,100
2744,10:36:13,3246.26,100
2745,10:36:07,3247.64,137
2746,10:36:03,3248.28,100
2747,10:35:59,3247.34,100
2748,10:35:59,3247.99,100
2749,10:35:54,3247.815,100
2750,10:35:50,3246.61,100
2751,10:35:20,3247.5124,140
2752,10:35:20,3247.47,114
2753,10:35:15,3246.78,100
2754,10:35:10,3247.06,100
2755,10:35:10,3246.91,100
2756,10:34:56,3246.175,100
2757,10:34:48,3246.8185,100
2758,10:34:42,3246.86,100
2759,10:34:42,3246.84,100
2760,10:34:36,3245.1701,100
2761,10:34:27,3246.58,100
2762,10:34:26,3245.66,100
2763,10:34:26,3245.25,100
2764,10:34:25,3243.74,100
2765,10:34:22,3244.475,100
2766,10:34:21,3243.79,100
2767,10:34:21,3244.37,100
2768,10:34:21,3244.55,100
2769,10:34:21,3244.6,100
2770,10:34:21,3244.87,100
2771,10:34:21,3244.78,100
2772,10:34:21,3244.984,100
2773,10:34:21,3244.74,100
2774,10:34:18,3244.995,100
2775,10:34:06,3244.4774,100
2776,10:34:02,3246.62,100
2777,10:33:56,3245.99,122
2778,10:33:56,3246.0,100
2779,10:33:53,3245.29,100
2780,10:33:53,3245.255,100
2781,10:33:47,3245.615,300
2782,10:33:46,3245.365,100
2783,10:33:38,3245.44,100
2784,10:33:38,3245.4,100
2785,10:33:22,3245.0,100
2786,10:33:21,3245.14,100
2787,10:33:20,3245.3916,150
2788,10:33:09,3246.0,100
2789,10:32:52,3247.0502,750
2790,10:32:44,3247.02,300
2791,10:32:30,3247.42,149
2792,10:32:30,3246.75,100
2793,10:32:15,3246.0001,200
2794,10:32:15,3247.0,185
2795,10:32:06,3246.305,100
2796,10:31:41,3246.6401,300
2797,10:31:41,3246.64,350
2798,10:31:41,3247.43,100
2799,10:31:40,3248.22,100
2800,10:31:40,3246.6969,400
2801,10:31:32,3248.15,100
2802,10:31:27,3248.47,100
2803,10:31:21,3248.47,100
2804,10:31:17,3248.78,100
2805,10:31:10,3247.805,100
2806,10:31:09,3248.24,100
2807,10:30:55,3247.46,100
2808,10:30:53,3247.89,300
2809,10:30:42,3247.455,100
2810,10:30:36,3247.85,100
2811,10:30:33,3247.23,125
2812,10:30:33,3247.23,100
2813,10:30:29,3247.76,300
2814,10:30:03,3247.94,100
2815,10:30:03,3248.0,100
2816,10:30:01,3247.79,100
2817,11:29:44,3250.78,100
2818,11:29:37,3251.51,100
2819,11:29:25,3251.31,100
2820,11:29:25,3251.27,100
2821,11:29:09,3252.76,100
2822,11:28:21,3253.16,100
2823,11:28:09,3254.6799,200
2824,11:27:51,3254.26,100
2825,11:27:49,3253.875,100
2826,11:26:54,3254.56,190
2827,11:26:38,3254.41,143
2828,11:26:18,3254.5,110
2829,11:25:51,3253.93,100
2830,11:25:36,3254.0431,100
2831,11:25:21,3254.05,100
2832,11:25:21,3254.04,100
2833,11:25:16,3254.03,300
2834,11:25:12,3254.39,100
2835,11:25:05,3253.6223,100
2836,11:24:58,3254.0,200
2837,11:24:49,3253.33,100
2838,11:24:49,3253.35,100
2839,11:24:48,3253.65,100
2840,11:24:34,3253.575,100
2841,11:24:16,3253.27,100
2842,11:24:16,3253.67,100
2843,11:22:30,3252.845,200
2844,11:22:04,3252.66,100
2845,11:21:59,3252.395,100
2846,11:21:28,3252.1094,190
2847,11:21:25,3252.5,100
2848,11:21:23,3252.92,200
2849,11:21:23,3252.53,100
2850,11:21:23,3252.76,100
2851,11:21:23,3252.76,100
2852,11:21:23,3253.28,100
2853,11:21:14,3253.49,100
2854,11:21:11,3253.49,100
2855,11:20:59,3253.7,250
2856,11:20:57,3253.69,100
2857,11:20:57,3253.49,100
2858,11:20:57,3253.48,100
2859,11:20:47,3253.7,100
2860,11:20:44,3253.69,100
2861,11:20:44,3253.65,100
2862,11:20:41,3253.4722,100
2863,11:20:40,3253.95,100
2864,11:20:37,3253.71,107
2865,11:20:37,3253.71,184
2866,11:20:37,3253.902,709
2867,11:20:34,3253.99,100
2868,11:20:28,3253.26,100
2869,11:20:28,3253.265,400
2870,11:20:27,3253.265,100
2871,11:20:23,3253.265,100
2872,11:20:05,3253.22,200
2873,11:20:00,3252.4,100
2874,11:19:57,3252.1067,107
2875,11:19:47,3252.74,100
2876,11:19:38,3252.0,100
2877,11:19:25,3252.075,200
2878,11:19:22,3252.24,100
2879,11:19:22,3252.25,100
2880,11:19:20,3252.25,100
2881,11:19:20,3252.25,100
2882,11:19:12,3251.7501,250
2883,11:19:12,3252.22,100
2884,11:19:11,3252.04,100
2885,11:19:11,3252.22,100
2886,11:18:57,3252.31,100
2887,11:18:57,3251.89,100
2888,11:18:57,3251.89,100
2889,11:18:57,3252.315,100
2890,11:18:42,3252.56,100
2891,11:18:42,3252.39,100
2892,11:18:42,3252.57,106
2893,11:18:40,3252.44,100
2894,11:18:37,3252.32,100
2895,11:18:33,3252.0,100
2896,11:18:33,3251.99,100
2897,11:18:31,3251.64,100
2898,11:18:25,3251.63,100
2899,11:18:18,3252.0,100
2900,11:18:14,3251.325,100
2901,11:18:14,3251.325,100
2902,11:18:11,3251.11,100
2903,11:17:53,3251.11,100
2904,11:17:46,3251.3,100
2905,11:17:38,3251.0,900
2906,11:17:38,3250.99,100
2907,11:17:34,3250.273,500
2908,11:17:15,3250.39,100
2909,11:17:04,3249.53,100
2910,11:17:00,3249.95,100
2911,11:17:00,3249.99,100
2912,11:17:00,3250.0,100
2913,11:17:00,3250.0,200
2914,11:17:00,3250.0,460
2915,11:17:00,3250.0,100
2916,11:17:00,3250.0,100
2917,11:16:48,3249.85,100
2918,11:15:24,3247.2,100
2919,11:15:20,3247.64,100
2920,11:15:06,3247.9601,137
2921,11:14:57,3247.6414,155
2922,11:14:22,3247.545,100
2923,11:14:15,3247.95,100
2924,11:14:02,3247.22,100
2925,11:14:02,3247.44,100
2926,11:13:01,3248.0,125
2927,11:11:57,3247.36,100
2928,11:11:44,3247.7406,200
2929,11:11:22,3246.84,100
2930,11:10:56,3246.5001,171
2931,11:10:50,3246.47,100
2932,11:10:44,3247.0,100
2933,11:10:14,3245.06,100
2934,11:10:10,3245.75,100
2935,11:09:55,3245.87,100
2936,11:09:43,3246.44,100
2937,11:09:36,3245.43,100
2938,11:09:35,3246.01,100
2939,11:09:32,3246.01,100
2940,11:09:06,3246.55,100
2941,11:09:00,3245.73,100
2942,11:08:01,3245.59,100
2943,11:07:04,3245.42,100
2944,11:06:37,3244.45,100
2945,11:06:34,3244.01,100
2946,11:06:34,3244.0,100
2947,11:06:34,3244.03,100
2948,11:06:28,3244.1,100
2949,11:06:28,3244.2,100
2950,11:06:07,3245.61,100
2951,11:05:47,3247.6,100
2952,11:05:41,3246.0,100
2953,11:05:20,3245.97,100
2954,11:05:15,3246.45,159
2955,11:05:03,3245.94,100
2956,11:05:03,3245.94,100
2957,11:05:03,3245.94,100
2958,11:05:03,3245.98,100
2959,11:04:18,3246.89,100
2960,11:04:18,3246.93,100
2961,11:04:17,3245.42,100
2962,11:03:58,3246.94,100
2963,11:03:57,3246.93,100
2964,11:03:40,3248.04,100
2965,11:03:36,3247.07,100
2966,11:03:36,3247.07,100
2967,11:03:36,3247.07,100
2968,11:03:14,3246.4,100
2969,11:03:14,3246.27,100
2970,11:03:14,3246.83,100
2971,11:03:14,3246.88,100
2972,11:03:14,3246.82,100
2973,11:03:14,3246.84,100
2974,11:03:14,3246.87,100
2975,11:03:14,3246.88,100
2976,11:02:45,3246.2,100
2977,11:02:45,3246.2,100
2978,11:02:33,3246.2,100
2979,11:02:12,3247.09,100
2980,11:02:00,3247.12,100
2981,11:01:38,3246.925,100
2982,11:01:29,3247.45,100
2983,11:01:15,3247.99,100
2984,11:01:02,3247.755,100
2985,11:01:02,3247.755,100
2986,11:00:42,3248.5,100
2987,11:00:12,3249.78,100
2988,11:00:11,3248.66,100
2989,11:00:11,3248.5,100
2990,11:59:57,3254.13,100
2991,11:59:35,3254.29,100
2992,11:59:35,3254.285,100
2993,11:59:34,3254.07,100
2994,11:59:25,3254.0,318
2995,11:59:25,3254.0,300
2996,11:59:25,3254.0,181
2997,11:59:23,3253.405,100
2998,11:59:23,3253.41,100
2999,11:58:57,3253.95,100
3000,11:58:57,3253.98,100
3001,11:58:24,3253.53,100
3002,11:58:02,3252.64,100
3003,11:58:02,3252.6,100
3004,11:57:20,3252.955,200
3005,11:57:19,3252.95,100
3006,11:57:00,3253.83,100
3007,11:56:47,3252.39,100
3008,11:56:38,3251.965,100
3009,11:56:38,3252.191,500
3010,11:55:34,3253.5,100
3011,11:55:23,3253.02,100
3012,11:55:19,3252.96,100
3013,11:55:19,3252.96,100
3014,11:54:45,3251.05,100
3015,11:54:28,3251.8,100
3016,11:54:25,3251.6958,500
3017,11:54:04,3252.12,100
3018,11:54:04,3252.25,100
3019,11:54:04,3252.23,100
3020,11:53:33,3252.5,144
3021,11:53:32,3252.51,100
3022,11:53:13,3253.6,100
3023,11:52:50,3252.55,100
3024,11:52:50,3252.54,100
3025,11:52:43,3252.01,100
3026,11:52:43,3252.0,100
3027,11:52:36,3252.07,100
3028,11:52:36,3252.01,100
3029,11:52:32,3252.56,100
3030,11:52:27,3253.15,100
3031,11:52:26,3253.16,100
3032,11:52:26,3253.24,100
3033,11:52:16,3254.87,140
3034,11:52:14,3254.04,100
3035,11:51:46,3254.83,100
3036,11:51:36,3254.62,100
3037,11:51:15,3254.33,100
3038,11:50:51,3254.66,200
3039,11:50:12,3253.9315,200
3040,11:49:59,3253.86,100
3041,11:49:59,3253.85,100
3042,11:49:34,3252.75,100
3043,11:49:22,3251.94,100
3044,11:49:18,3252.73,100
3045,11:49:18,3252.72,100
3046,11:49:18,3252.72,125
3047,11:49:18,3252.72,125
3048,11:49:18,3252.72,125
3049,11:49:13,3252.7201,475
3050,11:48:44,3252.95,100
3051,11:48:44,3252.96,126
3052,11:48:37,3252.6,100
3053,11:48:37,3252.62,100
3054,11:48:37,3252.86,100
3055,11:48:28,3252.305,100
3056,11:47:40,3252.3,100
3057,11:47:21,3253.0776,300
3058,11:47:11,3253.5012,100
3059,11:46:59,3252.825,100
3060,11:46:27,3252.01,500
3061,11:46:19,3253.27,100
3062,11:46:15,3253.09,100
3063,11:46:07,3253.1271,100
3064,11:45:41,3252.385,100
3065,11:45:41,3252.375,100
3066,11:45:38,3252.885,100
3067,11:45:30,3253.7215,100
3068,11:45:17,3253.45,100
3069,11:44:47,3253.97,100
3070,11:44:36,3251.9501,100
3071,11:44:20,3254.0,100
3072,11:44:18,3252.33,257
3073,11:44:18,3252.33,100
3074,11:44:18,3252.33,477
3075,11:44:17,3252.1,157
3076,11:44:17,3252.1,500
3077,11:44:17,3252.1,106
3078,11:44:17,3252.1,100
3079,11:44:10,3251.17,100
3080,11:44:10,3251.17,200
3081,11:44:00,3249.5,100
3082,11:42:20,3251.76,100
3083,11:42:09,3251.0,300
3084,11:42:05,3250.38,1000
3085,11:42:03,3250.278,1000
3086,11:41:44,3249.64,1000
3087,11:41:42,3250.333,1000
3088,11:41:33,3249.895,100
3089,11:41:27,3249.81,100
3090,11:41:27,3249.82,100
3091,11:41:20,3249.275,200
3092,11:41:20,3249.73,100
3093,11:41:20,3249.74,100
3094,11:41:17,3249.04,100
3095,11:40:33,3249.99,200
3096,11:40:32,3249.23,100
3097,11:39:33,3250.18,100
3098,11:39:24,3249.32,100
3099,11:39:24,3249.3,100
3100,11:39:24,3249.22,100
3101,11:39:20,3248.785,100
3102,11:39:15,3248.405,100
3103,11:39:08,3249.0,100
3104,11:38:58,3248.772,119
3105,11:38:41,3248.405,1000
3106,11:38:36,3248.67,100
3107,11:38:36,3248.57,102
3108,11:38:31,3248.98,100
3109,11:38:28,3248.99,100
3110,11:38:27,3248.7,200
3111,11:38:12,3249.27,100
3112,11:38:03,3249.98,385
3113,11:38:03,3249.57,100
3114,11:38:03,3249.07,100
3115,11:38:03,3249.966,100
3116,11:38:03,3249.51,100
3117,11:38:03,3249.966,100
3118,11:38:03,3249.53,100
3119,11:37:56,3249.65,100
3120,11:37:38,3250.17,100
3121,11:37:36,3250.1,100
3122,11:37:27,3251.0,146
3123,11:37:19,3250.53,100
3124,11:37:13,3250.0496,104
3125,11:37:08,3250.92,100
3126,11:36:58,3250.18,100
3127,11:36:58,3250.15,100
3128,11:36:54,3250.01,100
3129,11:36:23,3250.02,150
3130,11:36:19,3251.79,100
3131,11:36:18,3249.98,100
3132,11:36:17,3249.96,100
3133,11:36:17,3249.72,300
3134,11:36:17,3249.72,100
3135,11:36:17,3249.54,100
3136,11:36:17,3249.9773,100
3137,11:36:17,3249.85,200
3138,11:36:17,3249.96,100
3139,11:36:17,3249.96,100
3140,11:36:17,3249.95,300
3141,11:36:13,3249.7393,118
3142,11:35:56,3250.0,450
3143,11:35:54,3250.01,100
3144,11:35:02,3251.0,100
3145,11:34:50,3251.8199,100
3146,11:34:43,3251.0797,150
3147,11:34:43,3252.225,100
3148,11:34:31,3251.635,100
3149,11:34:23,3250.6413,100
3150,11:34:07,3251.81,100
3151,11:33:21,3250.69,200
3152,11:32:48,3250.69,100
3153,11:32:24,3250.22,100
3154,11:32:24,3249.66,100
3155,11:32:24,3249.67,100
3156,11:32:15,3249.355,100
3157,11:31:59,3248.9905,120
3158,11:31:53,3250.115,100
3159,11:31:53,3250.125,100
3160,11:31:45,3250.375,1000
3161,11:31:42,3250.3464,1000
3162,11:31:35,3251.0,100
3163,11:31:14,3251.7,100
3164,11:31:05,3252.745,300
3165,11:31:05,3252.25,100
3166,11:31:05,3252.25,100
3167,12:29:32,3247.77,100
3168,12:28:28,3247.33,100
3169,12:28:22,3247.19,100
3170,12:28:13,3247.685,200
3171,12:28:12,3248.178,111
3172,12:28:12,3248.178,307
3173,12:28:12,3248.178,360
3174,12:28:01,3247.71,100
3175,12:27:58,3246.6098,100
3176,12:27:50,3246.26,100
3177,12:27:49,3246.26,100
3178,12:27:48,3246.865,100
3179,12:27:46,3247.2758,1000
3180,12:27:44,3245.84,100
3181,12:27:30,3246.93,100
3182,12:27:28,3246.12,100
3183,12:27:25,3246.52,200
3184,12:27:25,3245.85,100
3185,12:27:15,3246.675,100
3186,12:27:03,3246.82,100
3187,12:27:02,3246.32,500
3188,12:27:02,3246.56,100
3189,12:27:02,3246.56,100
3190,12:27:00,3247.07,100
3191,12:27:00,3247.5,200
3192,12:27:00,3247.1,100
3193,12:27:00,3247.72,100
3194,12:26:57,3247.72,100
3195,12:26:19,3247.5,298
3196,12:26:19,3247.97,200
3197,12:26:10,3249.03,100
3198,12:26:09,3249.035,100
3199,12:26:06,3248.2,100
3200,12:26:06,3249.97,1000
3201,12:26:02,3248.57,200
3202,12:26:02,3248.57,176
3203,12:26:02,3248.57,100
3204,12:25:57,3249.787,100
3205,12:25:17,3249.0,111
3206,12:25:17,3249.5,149
3207,12:25:11,3249.315,100
3208,12:24:59,3249.295,100
3209,12:24:26,3249.68,100
3210,12:23:08,3250.695,100
3211,12:22:36,3250.8,100
3212,12:21:24,3250.26,100
3213,12:21:20,3249.485,200
3214,12:21:19,3249.485,100
3215,12:21:09,3249.59,100
3216,12:21:00,3249.07,100
3217,12:20:56,3249.0,400
3218,12:20:50,3250.199,100
3219,12:20:28,3250.34,100
3220,12:20:24,3250.0,100
3221,12:20:24,3250.35,100
3222,12:20:23,3250.1566,172
3223,12:20:00,3250.45,100
3224,12:17:57,3252.1453,307
3225,12:17:57,3251.43,100
3226,12:17:57,3251.43,100
3227,12:16:58,3250.885,100
3228,12:16:53,3249.77,200
3229,12:16:42,3249.05,100
3230,12:16:24,3249.5,100
3231,12:16:19,3249.945,100
3232,12:16:14,3250.7291,1000
3233,12:15:27,3249.53,100
3234,12:15:08,3250.3,400
3235,12:14:14,3251.1468,100
3236,12:13:58,3250.67,100
3237,12:13:41,3250.34,100
3238,12:13:41,3249.51,100
3239,12:13:17,3250.0,211
3240,12:13:17,3250.21,200
3241,12:13:17,3250.02,100
3242,12:12:57,3250.28,100
3243,12:12:42,3250.29,157
3244,12:12:42,3250.97,100
3245,12:12:37,3251.0,100
3246,12:12:18,3251.8099,100
3247,12:12:16,3250.61,100
3248,12:12:13,3250.61,100
3249,12:12:13,3250.75,100
3250,12:12:13,3250.75,100
3251,12:12:13,3250.665,100
3252,12:12:03,3251.16,100
3253,12:11:37,3251.43,100
3254,12:11:33,3251.96,100
3255,12:11:29,3251.635,750
3256,12:11:02,3251.94,100
3257,12:11:02,3251.79,100
3258,12:11:02,3251.84,100
3259,12:10:53,3251.15,100
3260,12:10:53,3251.15,100
3261,12:10:21,3252.14,100
3262,12:09:48,3252.86,100
3263,12:09:48,3252.86,100
3264,12:09:48,3252.87,100
3265,12:09:48,3252.86,100
3266,12:09:48,3252.87,100
3267,12:08:58,3254.415,100
3268,12:08:29,3253.81,100
3269,12:08:27,3254.416,100
3270,12:08:27,3254.75,400
3271,12:07:39,3254.96,100
3272,12:07:37,3254.84,100
3273,12:07:35,3254.8,100
3274,12:07:35,3254.86,100
3275,12:07:35,3254.8,100
3276,12:07:31,3255.2,100
3277,12:07:13,3255.77,100
3278,12:07:13,3255.26,100
3279,12:07:13,3255.255,100
3280,12:07:13,3255.255,100
3281,12:07:13,3255.26,100
3282,12:07:13,3255.25,100
3283,12:07:06,3255.54,101
3284,12:07:06,3255.25,100
3285,12:07:06,3255.25,100
3286,12:07:06,3255.545,100
3287,12:07:06,3255.82,100
3288,12:07:06,3255.78,100
3289,12:07:06,3255.27,100
3290,12:07:06,3255.25,100
3291,12:06:50,3257.0,153
3292,12:06:46,3257.06,128
3293,12:06:46,3257.14,100
3294,12:06:40,3257.5,100
3295,12:06:13,3257.0,200
3296,12:05:56,3257.95,200
3297,12:05:48,3257.66,200
3298,12:05:48,3257.66,100
3299,12:05:19,3257.345,100
3300,12:04:46,3257.335,100
3301,12:04:46,3257.345,100
3302,12:04:23,3257.48,100
3303,12:04:23,3257.5,723
3304,12:04:14,3257.36,100
3305,12:04:14,3257.12,100
3306,12:04:08,3256.7,157
3307,12:04:01,3257.01,100
3308,12:04:01,3257.5,150
3309,12:03:58,3256.855,103
3310,12:03:58,3256.88,100
3311,12:03:58,3256.89,100
3312,12:03:56,3256.02,100
3313,12:03:26,3255.68,100
3314,12:03:09,3255.599,672
3315,12:03:09,3255.051,100
3316,12:03:04,3255.225,100
3317,12:02:48,3255.16,100
3318,12:02:41,3255.41,100
3319,12:02:41,3255.41,100
3320,12:02:41,3255.41,100
3321,12:02:41,3255.41,100
3322,12:02:41,3255.41,100
3323,12:02:41,3255.41,100
3324,12:02:41,3255.41,100
3325,12:02:41,3255.41,100
3326,12:02:31,3256.3086,100
3327,12:02:25,3256.443,181
3328,12:02:11,3256.0,100
3329,12:02:10,3255.77,100
3330,12:02:10,3256.0,100
3331,12:02:10,3256.0,100
3332,12:02:10,3256.0,100
3333,12:02:10,3256.0,299
3334,12:02:10,3256.0,100
3335,12:01:56,3256.095,100
3336,12:01:41,3255.78,100
3337,12:01:38,3255.77,100
3338,12:01:38,3255.77,100
3339,12:01:33,3255.88,100
3340,12:01:32,3255.9425,100
3341,12:01:28,3256.225,100
3342,12:01:28,3255.82,100
3343,12:01:16,3256.3062,564
3344,12:01:16,3256.3062,307
3345,12:01:15,3256.205,100
3346,12:01:15,3256.22,100
3347,12:01:14,3256.68,100
3348,12:01:11,3256.215,100
3349,12:01:03,3255.97,100
3350,12:01:01,3255.61,367
3351,12:01:00,3255.645,200
3352,12:00:59,3255.875,100
3353,12:00:59,3256.0,100
3354,12:00:59,3255.99,100
3355,12:00:59,3255.99,100
3356,12:00:59,3255.55,200
3357,12:00:57,3255.66,100
3358,12:00:53,3255.3,100
3359,12:00:42,3255.18,100
3360,12:00:41,3255.0,100
3361,12:00:36,3255.095,100
3362,12:00:34,3255.05,100
3363,12:00:31,3255.045,200
3364,12:00:31,3255.205,100
3365,12:00:31,3255.205,100
3366,12:00:31,3255.045,100
3367,12:00:05,3255.0,100
3368,12:00:05,3255.0,100
3369,12:00:05,3255.0,100
3370,12:00:05,3255.0,100
3371,12:00:05,3255.0,100
3372,12:00:05,3254.87,100
3373,12:00:04,3254.0301,100
3374,12:00:03,3254.43,100
3375,12:59:54,3245.259,600
3376,12:59:24,3245.726,100
3377,12:58:33,3245.02,100
3378,12:58:30,3245.32,100
3379,12:58:26,3245.48,100
3380,12:58:02,3245.01,100
3381,12:57:55,3245.1588,100
3382,12:57:12,3245.36,100
3383,12:57:12,3245.36,100
3384,12:55:36,3245.07,300
3385,12:55:13,3244.41,129
3386,12:55:13,3244.65,100
3387,12:55:13,3244.82,100
3388,12:54:30,3244.93,100
3389,12:54:09,3245.0,100
3390,12:53:08,3245.81,100
3391,12:53:08,3245.51,100
3392,12:53:02,3246.17,100
3393,12:52:59,3246.41,100
3394,12:52:59,3246.54,100
3395,12:52:49,3246.34,100
3396,12:52:44,3246.9,100
3397,12:52:20,3246.91,250
3398,12:52:05,3247.0,100
3399,12:51:44,3246.76,100
3400,12:51:39,3247.14,100
3401,12:51:34,3247.76,300
3402,12:51:30,3247.0,306
3403,12:51:30,3247.0,107
3404,12:51:30,3247.0,100
3405,12:51:23,3247.61,154
3406,12:51:11,3247.11,100
3407,12:50:58,3247.1031,100
3408,12:50:56,3245.68,200
3409,12:50:47,3245.65,100
3410,12:50:11,3246.16,100
3411,12:50:05,3246.35,700
3412,12:48:57,3246.0,100
3413,12:48:53,3246.765,100
3414,12:48:00,3246.87,100
3415,12:47:53,3246.83,100
3416,12:47:25,3246.2,100
3417,12:47:10,3246.0,100
3418,12:46:20,3244.885,111
3419,12:46:20,3244.08,111
3420,12:46:20,3244.1,100
3421,12:46:20,3244.24,200
3422,12:46:20,3244.08,189
3423,12:46:20,3244.46,100
3424,12:46:20,3244.0827,100
3425,12:46:20,3244.0835,100
3426,12:46:20,3244.4,100
3427,12:46:15,3244.28,100
3428,12:46:15,3244.1,100
3429,12:45:47,3245.59,100
3430,12:45:47,3245.6,100
3431,12:45:47,3245.54,100
3432,12:45:44,3245.54,100
3433,12:45:33,3244.85,100
3434,12:45:24,3244.11,100
3435,12:45:11,3245.0,100
3436,12:44:38,3244.73,100
3437,12:44:28,3244.99,100
3438,12:44:27,3245.03,100
3439,12:44:23,3244.9,100
3440,12:44:10,3244.966,250
3441,12:44:09,3245.0,100
3442,12:44:06,3244.13,100
3443,12:44:01,3244.0,100
3444,12:44:01,3244.01,100
3445,12:44:01,3244.0,100
3446,12:44:01,3244.0,100
3447,12:43:44,3244.2106,165
3448,12:43:44,3244.22,100
3449,12:43:44,3245.0,100
3450,12:43:44,3245.0,151
3451,12:43:44,3245.0,107
3452,12:43:44,3245.05,100
3453,12:43:37,3245.8,297
3454,12:43:37,3245.8,151
3455,12:43:37,3245.8,231
3456,12:43:36,3246.84,100
3457,12:43:09,3247.53,100
3458,12:42:57,3247.926,885
3459,12:42:49,3247.5086,100
3460,12:42:43,3246.4,100
3461,12:42:43,3246.45,100
3462,12:42:37,3246.0,100
3463,12:42:17,3246.57,100
3464,12:42:09,3246.82,100
3465,12:42:08,3246.8079,750
3466,12:42:08,3246.454,100
3467,12:41:14,3246.405,100
3468,12:41:14,3246.0,323
3469,12:41:14,3246.0,113
3470,12:41:09,3247.23,100
3471,12:41:06,3246.68,100
3472,12:40:55,3246.5,187
3473,12:40:34,3246.71,250
3474,12:39:27,3247.47,100
3475,12:39:06,3247.31,129
3476,12:38:36,3248.43,100
3477,12:37:24,3248.4299,100
3478,12:37:12,3248.39,100
3479,12:36:19,3248.5,100
3480,12:36:19,3248.5,102
3481,12:36:19,3248.64,100
3482,12:36:19,3248.63,100
3483,12:36:18,3248.5304,424
3484,12:36:18,3248.54,100
3485,12:36:18,3248.62,100
3486,12:36:18,3248.62,200
3487,12:36:18,3248.63,100
3488,12:36:18,3248.64,100
3489,12:36:18,3249.15,100
3490,12:35:08,3249.6,100
3491,12:35:00,3248.01,100
3492,12:34:46,3248.09,100
3493,12:34:37,3247.34,100
3494,12:34:21,3248.89,100
3495,12:33:45,3247.34,100
3496,12:33:35,3248.3,100
3497,12:33:35,3248.28,100
3498,12:33:22,3249.025,100
3499,12:32:58,3249.49,100
3500,12:32:22,3250.13,300
3501,12:31:39,3250.26,100
3502,12:31:38,3250.55,100
3503,12:31:37,3250.555,100
3504,12:31:33,3250.56,199
3505,12:31:30,3250.0,200
3506,12:31:30,3250.0,100
3507,12:31:17,3249.38,115
3508,12:31:17,3249.38,174
3509,12:31:00,3249.2,100
3510,12:31:00,3248.58,100
3511,12:31:00,3248.66,100
3512,12:31:00,3249.0,100
3513,12:31:00,3249.0,317
3514,12:31:00,3249.0,154
3515,12:31:00,3249.0,100
3516,13:29:55,3250.0,100
3517,13:29:53,3250.83,100
3518,13:29:37,3250.025,100
3519,13:29:36,3250.13,100
3520,13:28:53,3250.26,100
3521,13:28:42,3250.34,100
3522,13:28:20,3250.815,100
3523,13:27:03,3249.6,100
3524,13:27:02,3249.7425,100
3525,13:27:01,3249.99,100
3526,13:26:22,3249.65,100
3527,13:24:27,3251.01,100
3528,13:24:27,3251.475,169
3529,13:24:27,3251.24,100
3530,13:24:21,3251.5567,250
3531,13:23:58,3251.43,100
3532,13:23:53,3250.92,100
3533,13:23:53,3250.89,100
3534,13:23:53,3250.88,100
3535,13:23:10,3250.87,100
3536,13:23:03,3250.059,100
3537,13:22:53,3250.305,135
3538,13:22:44,3249.955,100
3539,13:22:22,3249.745,1000
3540,13:22:10,3250.01,100
3541,13:22:10,3250.01,100
3542,13:22:10,3250.01,100
3543,13:22:10,3250.01,373
3544,13:22:10,3250.01,100
3545,13:22:10,3250.01,109
3546,13:21:43,3250.59,100
3547,13:21:05,3250.265,100
3548,13:20:17,3250.06,100
3549,13:19:27,3250.1,100
3550,13:17:33,3250.98,100
3551,13:15:31,3249.1622,306
3552,13:15:31,3249.1622,437
3553,13:15:28,3250.23,100
3554,13:15:21,3250.865,1000
3555,13:15:06,3250.705,150
3556,13:15:01,3250.24,250
3557,13:14:41,3250.7045,100
3558,13:13:13,3250.0,100
3559,13:12:01,3250.13,100
3560,13:12:00,3250.45,100
3561,13:11:44,3250.25,750
3562,13:11:38,3250.01,100
3563,13:11:17,3249.9047,250
3564,13:11:17,3250.0,100
3565,13:11:11,3249.71,100
3566,13:11:11,3248.99,100
3567,13:11:11,3249.0,133
3568,13:11:11,3249.0,347
3569,13:11:11,3249.0,100
3570,13:10:58,3248.61,100
3571,13:10:58,3248.38,100
3572,13:10:58,3248.23,100
3573,13:10:20,3247.79,100
3574,13:10:00,3246.975,100
3575,13:09:57,3246.54,100
3576,13:08:59,3245.88,100
3577,13:08:22,3246.19,100
3578,13:08:16,3246.62,100
3579,13:08:14,3246.81,100
3580,13:07:50,3247.93,100
3581,13:07:42,3247.88,100
3582,13:07:42,3247.9,100
3583,13:06:34,3246.8,100
3584,13:06:33,3248.11,300
3585,13:06:33,3247.478,100
3586,13:06:33,3247.87,100
3587,13:06:33,3247.174,100
3588,13:06:33,3247.17,100
3589,13:06:33,3247.16,100
3590,13:06:33,3246.59,100
3591,13:06:33,3246.6,100
3592,13:06:24,3246.4073,100
3593,13:05:48,3245.29,100
3594,13:05:07,3246.91,100
3595,13:04:51,3246.7992,100
3596,13:03:21,3245.34,100
3597,13:03:07,3247.0,100
3598,13:03:04,3247.5699,100
3599,13:02:58,3246.05,302
3600,13:02:58,3246.2,100
3601,13:02:58,3245.7,100
3602,13:02:58,3246.42,100
3603,13:02:58,3245.92,100
3604,13:02:58,3246.52,100
3605,13:02:58,3246.02,100
3606,13:02:58,3246.959,100
3607,13:02:58,3246.61,100
3608,13:02:55,3246.96,100
3609,13:02:27,3245.76,100
3610,13:02:13,3245.17,300
3611,13:02:13,3245.17,300
3612,13:02:13,3245.54,100
3613,13:02:13,3245.19,100
3614,13:02:13,3245.19,100
3615,13:01:26,3245.13,100
3616,13:00:09,3244.5238,568
3617,13:00:09,3245.16,100
3618,13:00:09,3245.17,100
3619,13:00:09,3244.67,100
3620,13:00:09,3245.1689,100
3621,13:00:09,3244.91,100
3622,13:00:06,3245.62,100
3623,13:59:40,3246.86,200
3624,13:59:39,3246.15,300
3625,13:59:27,3246.66,100
3626,13:59:13,3246.91,100
3627,13:59:11,3247.065,100
3628,13:58:50,3247.06,100
3629,13:58:50,3247.06,100
3630,13:58:32,3247.36,100
3631,13:58:02,3247.91,100
3632,13:57:50,3249.0,100
3633,13:57:41,3248.559,100
3634,13:56:58,3247.91,100
3635,13:56:56,3247.54,100
3636,13:56:56,3248.0,480
3637,13:56:56,3247.88,100
3638,13:56:23,3248.65,800
3639,13:56:23,3248.75,455
3640,13:56:18,3249.3,100
3641,13:56:16,3249.3,100
3642,13:56:16,3249.3,100
3643,13:56:16,3249.3,100
3644,13:56:16,3249.3,100
3645,13:56:15,3249.21,800
3646,13:56:15,3249.21,600
3647,13:56:15,3249.21,100
3648,13:56:15,3249.21,100
3649,13:56:15,3249.21,100
3650,13:56:06,3249.86,100
3651,13:56:04,3249.4,100
3652,13:55:47,3249.84,100
3653,13:55:14,3249.075,110
3654,13:55:06,3249.0,100
3655,13:54:55,3249.14,681
3656,13:53:49,3249.79,100
3657,13:53:21,3250.385,105
3658,13:53:21,3250.93,100
3659,13:52:31,3250.61,100
3660,13:52:18,3250.0,100
3661,13:52:18,3250.0,121
3662,13:52:18,3250.0,100
3663,13:52:18,3250.0,100
3664,13:52:15,3250.01,100
3665,13:52:04,3250.83,100
3666,13:51:02,3251.32,100
3667,13:50:50,3250.48,100
3668,13:50:37,3250.65,100
3669,13:50:37,3250.65,100
3670,13:50:19,3251.125,200
3671,13:49:24,3251.29,200
3672,13:49:19,3250.955,156
3673,13:48:28,3250.01,100
3674,13:47:53,3250.0,100
3675,13:47:13,3250.9323,103
3676,13:46:18,3249.0301,130
3677,13:46:16,3250.0,100
3678,13:46:16,3250.0,200
3679,13:46:08,3250.2,100
3680,13:46:08,3250.11,100
3681,13:46:06,3249.84,100
3682,13:45:56,3249.7448,100
3683,13:45:35,3248.885,100
3684,13:45:32,3248.99,100
3685,13:45:10,3250.0,100
3686,13:45:00,3249.37,100
3687,13:44:39,3249.2051,110
3688,13:44:37,3249.4899,300
3689,13:44:26,3249.135,100
3690,13:44:01,3249.6,100
3691,13:43:26,3249.42,100
3692,13:42:23,3248.76,180
3693,13:42:19,3248.76,110
3694,13:42:08,3248.59,110
3695,13:42:03,3248.75,470
3696,13:42:02,3248.75,100
3697,13:42:02,3248.75,100
3698,13:42:02,3248.75,125
3699,13:42:02,3248.96,100
3700,13:42:00,3249.09,100
3701,13:41:42,3249.605,100
3702,13:41:00,3249.8971,130
3703,13:41:00,3249.5,102
3704,13:40:43,3250.565,100
3705,13:40:35,3249.99,100
3706,13:40:05,3250.3,109
3707,13:38:42,3249.85,100
3708,13:38:34,3249.315,100
3709,13:38:29,3249.07,100
3710,13:38:29,3249.07,100
3711,13:37:45,3249.475,100
3712,13:37:30,3249.77,100
3713,13:36:57,3249.64,100
3714,13:36:40,3249.31,200
3715,13:36:37,3249.52,100
3716,13:36:37,3249.53,100
3717,13:36:35,3249.695,100
3718,13:36:35,3249.56,100
3719,13:36:08,3248.855,100
3720,13:36:05,3249.38,100
3721,13:34:41,3249.96,100
3722,13:34:15,3249.28,100
3723,13:34:15,3249.8072,400
3724,13:34:15,3249.78,100
3725,13:34:02,3249.49,100
3726,13:34:02,3249.5,100
3727,13:33:58,3249.265,100
3728,13:33:24,3249.3302,1000
3729,13:32:37,3249.02,100
3730,13:32:37,3249.5,1000
3731,13:32:32,3249.94,536
3732,13:32:32,3249.494,100
3733,13:32:32,3249.494,100
3734,13:32:32,3249.494,100
3735,13:32:32,3249.09,100
3736,13:32:32,3249.04,100
3737,13:32:29,3249.495,100
3738,13:32:19,3248.75,164
3739,13:32:10,3249.685,100
3740,13:32:09,3250.2237,150
3741,13:30:54,3250.38,100
3742,13:30:48,3250.11,100
3743,14:29:55,3249.6299,129
3744,14:29:43,3248.68,100
3745,14:29:43,3248.67,100
3746,14:29:38,3248.94,100
3747,14:29:24,3248.86,100
3748,14:28:52,3249.69,100
3749,14:28:52,3249.67,100
3750,14:28:51,3249.5262,100
3751,14:28:51,3249.52,100
3752,14:28:00,3249.43,100
3753,14:28:00,3249.37,100
3754,14:27:53,3249.43,100
3755,14:27:39,3249.94,100
3756,14:27:36,3249.53,100
3757,14:27:32,3249.94,100
3758,14:27:30,3249.69,100
3759,14:26:59,3249.6,100
3760,14:26:57,3249.27,100
3761,14:26:04,3249.325,170
3762,14:25:40,3249.4,100
3763,14:25:40,3249.41,100
3764,14:25:29,3249.1099,101
3765,14:25:20,3248.8111,131
3766,14:25:20,3248.8111,859
3767,14:25:20,3249.089,281
3768,14:25:20,3248.83,100
3769,14:25:20,3248.83,100
3770,14:25:20,3249.08,100
3771,14:25:20,3249.08,100
3772,14:25:14,3248.6,100
3773,14:25:02,3248.8,100
3774,14:24:33,3248.8,100
3775,14:24:30,3249.0,100
3776,14:24:22,3248.96,100
3777,14:24:14,3248.0,200
3778,14:23:56,3247.99,100
3779,14:23:36,3247.07,100
3780,14:23:00,3247.5,100
3781,14:22:25,3247.83,100
3782,14:22:10,3248.8599,280
3783,14:20:59,3248.5,100
3784,14:20:26,3248.505,100
3785,14:20:20,3247.81,100
3786,14:19:54,3247.9749,305
3787,14:19:31,3247.46,100
3788,14:19:13,3247.28,100
3789,14:18:54,3247.945,100
3790,14:18:45,3247.63,100
3791,14:18:05,3247.81,100
3792,14:17:46,3247.765,100
3793,14:17:32,3247.3,102
3794,14:15:13,3248.0,100
3795,14:15:13,3248.43,100
3796,14:14:47,3248.41,100
3797,14:14:44,3248.12,400
3798,14:14:09,3249.09,100
3799,14:13:08,3248.56,100
3800,14:13:07,3249.5799,160
3801,14:12:52,3248.2401,100
3802,14:11:00,3248.15,100
3803,14:10:42,3248.68,100
3804,14:10:11,3248.665,100
3805,14:10:11,3248.64,100
3806,14:10:09,3248.66,100
3807,14:10:08,3248.99,100
3808,14:10:08,3248.94,100
3809,14:10:05,3247.93,100
3810,14:09:55,3248.25,100
3811,14:09:38,3248.18,100
3812,14:09:00,3248.46,100
3813,14:08:58,3248.12,100
3814,14:08:58,3248.45,191
3815,14:08:58,3248.46,100
3816,14:08:33,3248.0195,150
3817,14:08:29,3248.11,100
3818,14:08:29,3248.1,100
3819,14:08:17,3248.61,100
3820,14:08:14,3247.7475,100
3821,14:07:33,3248.705,136
3822,14:07:14,3248.65,100
3823,14:06:03,3248.49,100
3824,14:05:19,3248.03,100
3825,14:05:11,3247.7959,199
3826,14:05:03,3247.22,100
3827,14:04:41,3246.46,100
3828,14:04:23,3246.6,100
3829,14:04:16,3246.67,200
3830,14:04:02,3247.16,100
3831,14:03:46,3247.15,100
3832,14:03:46,3247.32,100
3833,14:02:35,3246.68,100
3834,14:02:13,3246.71,100
3835,14:01:26,3247.18,100
3836,14:00:52,3247.1501,149
3837,14:00:15,3246.78,100
3838,14:00:15,3246.78,100
3839,14:59:57,3253.21,100
3840,14:59:31,3253.58,100
3841,14:59:28,3253.47,100
3842,14:58:56,3254.09,100
3843,14:58:28,3253.87,100
3844,14:58:14,3253.555,100
3845,14:57:25,3253.69,100
3846,14:57:18,3254.49,106
3847,14:57:17,3253.71,100
3848,14:57:17,3253.71,100
3849,14:56:44,3254.42,100
3850,14:56:44,3254.09,100
3851,14:56:44,3254.18,100
3852,14:56:44,3254.38,100
3853,14:56:33,3254.59,100
3854,14:56:26,3254.56,100
3855,14:56:22,3254.0,100
3856,14:56:14,3254.59,100
3857,14:56:11,3254.0,100
3858,14:56:11,3254.0,100
3859,14:56:08,3254.0,100
3860,14:56:08,3254.0638,693
3861,14:56:08,3254.06,100
3862,14:56:00,3254.62,100
3863,14:55:50,3254.3476,183
3864,14:55:31,3254.62,100
3865,14:55:23,3254.51,100
3866,14:55:15,3253.87,100
3867,14:55:01,3253.81,300
3868,14:54:25,3253.56,100
3869,14:54:13,3252.93,210
3870,14:53:53,3253.26,100
3871,14:53:41,3253.43,100
3872,14:53:28,3254.47,100
3873,14:52:55,3253.655,100
3874,14:52:55,3253.64,100
3875,14:52:33,3254.64,100
3876,14:52:24,3254.61,100
3877,14:52:23,3253.755,100
3878,14:52:15,3254.47,100
3879,14:52:00,3254.45,100
3880,14:51:41,3254.7,100
3881,14:51:38,3253.78,115
3882,14:51:31,3254.81,100
3883,14:51:21,3254.69,100
3884,14:51:10,3253.99,100
3885,14:51:08,3253.8,100
3886,14:50:43,3254.045,100
3887,14:50:32,3252.96,100
3888,14:50:25,3252.26,167
3889,14:50:25,3252.65,125
3890,14:50:23,3252.65,100
3891,14:50:23,3252.67,100
3892,14:50:23,3252.67,100
3893,14:50:23,3252.67,100
3894,14:50:06,3252.6408,676
3895,14:50:06,3252.6408,260
3896,14:50:04,3253.18,100
3897,14:49:14,3252.73,100
3898,14:48:59,3252.61,100
3899,14:48:50,3252.835,100
3900,14:48:46,3252.73,100
3901,14:48:46,3252.54,100
3902,14:48:46,3252.54,100
3903,14:48:28,3252.1,675
3904,14:48:19,3252.1709,183
3905,14:48:12,3251.85,200
3906,14:48:00,3251.94,100
3907,14:47:34,3252.05,100
3908,14:47:34,3252.05,100
3909,14:47:00,3252.69,100
3910,14:46:45,3253.24,100
3911,14:44:52,3253.445,100
3912,14:44:35,3253.2999,100
3913,14:44:31,3252.69,100
3914,14:44:30,3252.68,100
3915,14:44:30,3252.68,100
3916,14:44:20,3252.88,100
3917,14:44:07,3252.6801,200
3918,14:44:06,3253.29,100
3919,14:43:50,3253.18,100
3920,14:43:44,3253.79,100
3921,14:43:44,3253.67,100
3922,14:43:39,3253.41,100
3923,14:43:39,3253.16,100
3924,14:43:39,3253.22,100
3925,14:42:32,3253.25,100
3926,14:42:29,3252.89,100
3927,14:42:14,3252.565,100
3928,14:42:00,3252.505,101
3929,14:41:52,3252.915,100
3930,14:41:52,3253.25,100
3931,14:41:35,3252.92,100
3932,14:41:08,3253.5,100
3933,14:41:08,3253.937,100
3934,14:41:03,3253.865,100
3935,14:40:46,3253.705,100
3936,14:40:16,3253.04,100
3937,14:40:16,3253.0,360
3938,14:40:16,3253.0,117
3939,14:40:16,3253.7275,100
3940,14:40:16,3253.02,200
3941,14:40:16,3253.2,100
3942,14:40:16,3253.02,300
3943,14:40:13,3253.78,100
3944,14:40:09,3253.78,100
3945,14:40:05,3253.12,100
3946,14:40:05,3253.02,100
3947,14:40:05,3253.13,100
3948,14:40:05,3253.62,200
3949,14:40:05,3253.66,100
3950,14:40:05,3253.63,100
3951,14:39:21,3253.64,178
3952,14:39:02,3255.02,200
3953,14:39:02,3255.29,100
3954,14:39:02,3255.0,900
3955,14:39:02,3255.0,100
3956,14:39:02,3255.0,100
3957,14:38:44,3254.21,100
3958,14:38:32,3254.01,100
3959,14:38:25,3253.85,100
3960,14:38:25,3253.85,100
3961,14:38:20,3254.165,100
3962,14:38:17,3254.265,100
3963,14:38:07,3254.155,100
3964,14:38:07,3254.28,100
3965,14:37:45,3254.105,100
3966,14:37:38,3253.65,100
3967,14:37:18,3254.29,100
3968,14:36:48,3254.0,100
3969,14:36:35,3254.155,100
3970,14:36:27,3253.615,600
3971,14:36:26,3253.62,1000
3972,14:36:04,3253.92,100
3973,14:35:43,3253.96,100
3974,14:35:34,3253.3438,249
3975,14:35:26,3253.65,100
3976,14:35:18,3254.02,1000
3977,14:35:15,3254.11,100
3978,14:35:15,3254.11,130
3979,14:35:10,3254.075,100
3980,14:35:10,3254.0,100
3981,14:35:05,3253.5,100
3982,14:34:52,3252.99,100
3983,14:34:26,3253.0,129
3984,14:34:26,3252.92,100
3985,14:34:11,3252.8092,299
3986,14:33:28,3251.695,200
3987,14:33:27,3251.67,100
3988,14:33:27,3251.68,248
3989,14:33:22,3252.0,100
3990,14:33:22,3252.0,166
3991,14:33:22,3252.0,100
3992,14:33:22,3252.0,100
3993,14:33:13,3252.65,100
3994,14:33:01,3252.0201,130
3995,14:32:59,3252.23,100
3996,14:32:59,3252.03,100
3997,14:32:59,3252.76,100
3998,14:32:43,3251.48,100
3999,14:32:41,3252.564,100
4000,14:32:41,3252.81,100
4001,14:32:41,3252.839,217
4002,14:32:41,3252.58,100
4003,14:32:41,3252.39,100
4004,14:32:32,3251.75,500
4005,14:32:06,3252.5,100
4006,14:32:02,3251.665,100
4007,14:31:56,3251.66,100
4008,14:31:54,3252.0,100
4009,14:31:54,3251.81,100
4010,14:31:42,3251.3,200
4011,14:31:42,3251.29,100
4012,14:31:38,3251.0188,799
4013,14:31:32,3250.86,100
4014,14:31:31,3251.26,100
4015,14:31:30,3250.61,100
4016,14:31:28,3251.16,100
4017,14:31:27,3251.0,298
4018,14:31:27,3251.0,101
4019,14:31:27,3251.0,100
4020,14:31:27,3251.0,100
4021,14:31:27,3251.0,100
4022,14:31:27,3250.99,100
4023,14:31:25,3250.99,100
4024,14:31:03,3250.93,100
4025,14:31:03,3250.92,181
4026,14:31:03,3250.87,100
4027,14:31:03,3250.88,100
4028,14:31:02,3250.5,147
4029,14:31:02,3250.5,201
4030,14:30:57,3250.97,100
4031,14:30:50,3250.55,100
4032,14:30:44,3250.775,100
