,NLS Time (ET),NLS Price,NLS Share Volume
0,09:59:59,3239.65,100
1,09:59:59,3239.18,100
2,09:59:59,3239.91,100
3,09:59:59,3239.54,200
4,09:59:59,3239.155,100
5,09:59:59,3239.61,100
6,09:59:51,3239.925,100
7,09:59:51,3239.89,100
8,09:59:51,3239.945,100
9,09:59:49,3239.97,100
10,09:59:49,3239.77,100
11,09:59:49,3239.74,100
12,09:59:49,3239.74,100
13,09:59:49,3239.77,100
14,09:59:49,3239.92,100
15,09:59:49,3239.94,100
16,09:59:49,3240.0,100
17,09:59:49,3238.55,100
18,09:59:49,3239.79,100
19,09:59:49,3238.99,200
20,09:59:49,3239.78,100
21,09:59:49,3239.97,100
22,09:59:49,3239.43,100
23,09:59:49,3238.99,400
24,09:59:49,3240.0,200
25,09:59:47,3238.79,100
26,09:59:46,3238.84,100
27,09:59:41,3238.84,100
28,09:59:41,3239.21,100
29,09:59:41,3239.91,100
30,09:59:41,3239.23,200
31,09:59:41,3239.76,200
32,09:59:41,3239.91,100
33,09:59:41,3239.9,100
34,09:59:41,3239.85,100
35,09:59:41,3239.66,100
36,09:59:41,3239.66,200
37,09:59:41,3239.75,100
38,09:59:41,3239.4,100
39,09:59:38,3238.905,100
40,09:59:35,3239.31,100
41,09:59:33,3238.98,100
42,09:59:33,3238.97,100
43,09:59:32,3238.98,100
44,09:59:31,3239.23,100
45,09:59:31,3239.21,100
46,09:59:29,3238.97,100
47,09:59:29,3239.35,100
48,09:59:29,3239.35,100
49,09:59:29,3239.39,100
50,09:59:29,3239.39,100
51,09:59:29,3238.64,100
52,09:59:29,3239.39,100
53,09:59:29,3239.34,100
54,09:59:29,3239.37,100
55,09:59:28,3238.185,100
56,09:59:28,3237.85,100
57,09:59:28,3238.15,100
58,09:59:21,3237.92,100
59,09:59:14,3240.5,200
60,09:58:43,3239.8,100
61,09:58:36,3240.2163,1250
62,09:58:36,3240.2163,122
63,09:58:32,3239.5466,122
64,09:58:32,3239.535,200
65,09:58:29,3240.785,100
66,09:58:28,3240.0,100
67,09:58:28,3240.15,100
68,09:58:28,3240.15,100
69,09:58:28,3239.76,100
70,09:58:22,3238.93,100
71,09:58:20,3239.715,100
72,09:58:19,3239.76,100
73,09:58:16,3238.48,100
74,09:57:14,3238.33,100
75,09:57:08,3239.07,100
76,09:57:07,3239.265,100
77,09:56:54,3238.82,100
78,09:56:52,3238.64,100
79,09:56:37,3238.97,100
80,09:56:34,3238.92,100
81,09:56:34,3239.18,100
82,09:56:34,3238.26,100
83,09:56:34,3239.15,100
84,09:56:34,3239.0,100
85,09:56:34,3238.95,100
86,09:56:34,3239.1773,200
87,09:56:34,3239.16,100
88,09:56:34,3238.8,100
89,09:56:34,3239.15,100
90,09:56:34,3239.15,100
91,09:56:22,3239.085,100
92,09:56:21,3237.34,100
93,09:56:21,3238.51,100
94,09:56:20,3238.77,100
95,09:56:19,3237.98,100
96,09:56:19,3237.83,100
97,09:56:19,3237.86,100
98,09:56:18,3237.0101,100
99,09:56:15,3237.06,100
100,09:56:15,3237.29,100
101,09:56:15,3237.02,100
102,09:56:15,3237.32,300
103,09:56:15,3236.7138,100
104,09:56:15,3237.29,100
105,09:56:00,3237.195,200
106,09:55:59,3237.25,100
107,09:55:59,3237.015,100
108,09:55:59,3237.45,100
109,09:55:59,3238.0,490
110,09:55:59,3238.0,600
111,09:55:52,3238.14,100
112,09:55:51,3238.0,100
113,09:55:51,3238.39,100
114,09:55:43,3238.0,100
115,09:55:27,3238.82,100
116,09:55:27,3238.82,100
117,09:55:27,3239.09,100
118,09:55:18,3239.33,100
119,09:55:11,3240.0,100
120,09:55:11,3239.41,100
121,09:55:11,3239.41,100
122,09:55:11,3239.41,100
123,09:55:11,3239.82,100
124,09:55:07,3239.63,106
125,09:55:02,3240.12,100
126,09:55:01,3239.0,200
127,09:55:00,3240.54,100
128,09:55:00,3240.66,300
129,09:55:00,3240.66,200
130,09:55:00,3240.66,115
131,09:55:00,3240.66,111
132,09:54:49,3239.355,100
133,09:54:42,3238.74,100
134,09:54:42,3238.82,100
135,09:54:41,3238.8201,122
136,09:54:27,3238.89,100
137,09:54:08,3239.16,100
138,09:53:39,3238.71,100
139,09:53:36,3238.8677,450
140,09:53:33,3239.0,100
141,09:53:24,3239.6996,700
142,09:53:14,3240.37,100
143,09:53:12,3240.38,500
144,09:53:10,3240.325,400
145,09:52:46,3240.07,100
146,09:52:46,3240.07,100
147,09:52:44,3239.8664,199
148,09:52:23,3239.3746,104
149,09:52:21,3238.6741,100
150,09:52:15,3239.085,100
151,09:52:15,3238.585,100
152,09:52:12,3239.29,968
153,09:52:04,3239.41,100
154,09:51:46,3239.4,100
155,09:51:40,3239.44,100
156,09:51:39,3239.38,100
157,09:51:37,3239.1701,100
158,09:51:25,3239.11,700
159,09:51:18,3239.275,100
160,09:51:18,3238.865,100
161,09:51:09,3238.985,1500
162,09:50:58,3238.22,100
163,09:50:55,3239.275,104
164,09:50:50,3239.01,100
165,09:50:48,3238.9485,100
166,09:50:25,3239.1905,140
167,09:50:15,3239.755,100
168,09:50:07,3240.7,100
169,09:50:00,3239.96,100
170,09:49:57,3240.63,100
171,09:49:55,3239.96,100
172,09:49:54,3239.67,100
173,09:49:49,3239.43,100
174,09:49:39,3239.6,100
175,09:49:39,3239.58,100
176,09:49:34,3240.57,100
177,09:49:34,3240.57,100
178,09:49:34,3240.28,100
179,09:49:34,3239.39,100
180,09:49:21,3240.2833,100
181,09:48:58,3239.985,100
182,09:48:58,3240.36,100
183,09:48:58,3240.3,100
184,09:48:55,3240.175,100
185,09:48:50,3239.58,100
186,09:48:47,3239.9,100
187,09:48:47,3240.36,100
188,09:48:42,3241.2399,150
189,09:48:34,3239.52,100
190,09:48:34,3239.0,100
191,09:48:34,3239.2,100
192,09:48:34,3239.03,100
193,09:48:34,3239.0038,100
194,09:48:34,3239.19,100
195,09:48:34,3239.31,300
196,09:48:34,3239.15,100
197,09:48:34,3239.15,100
198,09:48:34,3240.01,100
199,09:48:34,3239.3968,100
200,09:48:34,3240.0,350
201,09:48:29,3241.0,100
202,09:48:13,3241.9,100
203,09:48:11,3241.0201,100
204,09:48:10,3242.69,225
205,09:48:10,3242.5,100
206,09:48:10,3243.265,100
207,09:47:59,3243.245,100
208,09:47:51,3243.65,100
209,09:47:31,3243.24,100
210,09:47:20,3243.8,100
211,09:47:20,3243.8,115
212,09:47:11,3244.475,100
213,09:47:10,3244.629,100
214,09:47:00,3243.25,100
215,09:46:50,3243.37,273
216,09:46:46,3243.4601,200
217,09:46:27,3244.15,100
218,09:46:22,3244.17,100
219,09:46:17,3244.57,100
220,09:46:03,3244.42,100
221,09:45:52,3243.55,100
222,09:45:38,3245.8499,100
223,09:45:30,3244.745,100
224,09:45:28,3245.89,100
225,09:45:20,3244.56,303
226,09:45:15,3244.62,100
227,09:45:15,3244.62,100
228,09:45:13,3244.8617,110
229,09:45:02,3244.28,100
230,09:44:44,3244.705,100
231,09:44:38,3243.89,100
232,09:44:37,3244.1,100
233,09:44:37,3244.71,110
234,09:44:36,3245.035,100
235,09:44:36,3244.19,100
236,09:44:35,3243.71,100
237,09:44:35,3243.71,100
238,09:44:35,3243.37,100
239,09:44:35,3243.32,100
240,09:44:16,3242.0001,150
241,09:44:11,3243.62,100
242,09:44:01,3244.1622,100
243,09:43:56,3244.15,100
244,09:43:56,3243.565,100
245,09:43:43,3244.1,100
246,09:43:43,3242.33,100
247,09:43:43,3242.67,100
248,09:43:43,3242.87,100
249,09:43:43,3242.87,100
250,09:43:42,3242.755,100
251,09:43:40,3242.145,100
252,09:43:40,3242.21,100
253,09:43:29,3243.96,100
254,09:43:28,3243.19,100
255,09:43:28,3243.33,100
256,09:43:28,3243.19,104
257,09:43:27,3243.1899,120
258,09:43:27,3243.1899,100
259,09:43:24,3242.095,100
260,09:43:12,3245.42,100
261,09:43:10,3245.45,100
262,09:42:55,3246.35,100
263,09:42:55,3246.03,100
264,09:42:55,3245.4,100
265,09:42:54,3246.48,100
266,09:42:54,3245.94,100
267,09:42:54,3246.09,100
268,09:42:51,3245.035,100
269,09:42:36,3245.64,100
270,09:42:35,3244.11,100
271,09:42:35,3245.4,100
272,09:42:05,3244.85,100
273,09:42:01,3244.155,100
274,09:42:01,3243.2252,100
275,09:41:44,3245.46,100
276,09:41:31,3245.43,100
277,09:41:29,3245.4499,265
278,09:41:26,3245.4499,100
279,09:41:19,3244.94,100
280,09:41:13,3246.6,200
281,09:41:05,3247.99,100
282,09:41:02,3246.03,100
283,09:40:54,3246.25,100
284,09:40:49,3245.92,160
285,09:40:48,3246.69,100
286,09:40:48,3246.135,100
287,09:40:33,3245.92,303
288,09:40:32,3245.97,100
289,09:40:32,3245.97,174
290,09:40:32,3245.79,100
291,09:40:31,3245.97,100
292,09:40:31,3244.72,210
293,09:40:31,3245.0,300
294,09:40:31,3245.12,100
295,09:40:31,3244.96,100
296,09:40:31,3245.0,100
297,09:40:31,3244.81,281
298,09:40:22,3243.0,500
299,09:40:22,3243.0,100
300,09:40:22,3243.15,100
301,09:40:21,3242.21,272
302,09:40:13,3241.99,100
303,09:40:13,3241.7,100
304,09:39:47,3239.62,100
305,09:39:47,3238.9,100
306,09:39:44,3239.5,300
307,09:39:44,3238.29,100
308,09:39:43,3238.22,100
309,09:39:42,3239.3519,100
310,09:39:42,3239.01,265
311,09:39:36,3239.38,100
312,09:39:36,3240.02,100
313,09:39:35,3240.36,100
314,09:39:35,3240.33,100
315,09:39:35,3240.33,105
316,09:39:29,3240.8575,100
317,09:39:23,3241.395,100
318,09:39:22,3241.55,328
319,09:39:22,3242.215,100
320,09:39:21,3241.683,100
321,09:39:15,3242.42,100
322,09:39:15,3242.1,500
323,09:39:10,3242.0999,100
324,09:39:01,3240.69,100
325,09:38:59,3240.78,111
326,09:38:58,3240.8392,155
327,09:38:45,3241.59,100
328,09:38:37,3242.35,100
329,09:38:37,3242.44,100
330,09:38:36,3241.66,100
331,09:38:36,3241.51,100
332,09:38:36,3240.3,500
333,09:38:36,3240.67,100
334,09:38:36,3240.68,100
335,09:38:36,3240.68,100
336,09:38:36,3240.68,100
337,09:38:36,3240.68,100
338,09:38:36,3240.72,100
339,09:38:36,3240.72,100
340,09:38:36,3240.69,100
341,09:38:36,3240.01,100
342,09:38:36,3240.73,100
343,09:38:36,3240.73,100
344,09:38:36,3240.73,100
345,09:38:36,3240.73,100
346,09:38:36,3240.73,100
347,09:38:30,3239.3,100
348,09:38:30,3239.64,100
349,09:38:29,3239.885,100
350,09:38:26,3239.74,100
351,09:38:26,3239.74,100
352,09:38:26,3239.72,100
353,09:38:19,3238.68,253
354,09:38:17,3238.91,100
355,09:38:17,3237.5188,100
356,09:38:16,3237.509,100
357,09:38:11,3238.68,100
358,09:38:05,3237.43,100
359,09:38:02,3237.43,100
360,09:37:45,3239.04,139
361,09:37:45,3239.395,1000
362,09:37:44,3239.73,100
363,09:37:43,3239.7,100
364,09:37:43,3239.74,100
365,09:37:43,3239.67,100
366,09:37:42,3238.505,100
367,09:37:36,3238.89,100
368,09:37:36,3239.17,100
369,09:37:35,3239.73,100
370,09:37:35,3239.7,100
371,09:37:34,3238.875,100
372,09:37:32,3239.1733,300
373,09:37:26,3239.5,100
374,09:37:21,3237.84,100
375,09:37:21,3238.96,100
376,09:37:18,3238.0,100
377,09:37:13,3239.0,100
378,09:37:05,3239.12,100
379,09:37:02,3238.2,100
380,09:36:50,3238.16,100
381,09:36:48,3238.55,100
382,09:36:48,3238.78,201
383,09:36:44,3237.6702,100
384,09:36:35,3237.15,100
385,09:36:35,3237.89,100
386,09:36:13,3238.79,100
387,09:36:10,3239.1399,100
388,09:36:07,3238.09,100
389,09:36:02,3239.91,100
390,09:35:59,3237.93,100
391,09:35:53,3237.94,200
392,09:35:51,3237.4315,100
393,09:35:29,3235.95,100
394,09:35:29,3236.0,100
395,09:35:27,3235.49,100
396,09:35:27,3235.54,100
397,09:35:20,3236.31,100
398,09:35:12,3235.3,200
399,09:35:11,3235.88,100
400,09:35:11,3235.88,100
401,09:35:11,3236.22,100
402,09:35:11,3236.49,100
403,09:35:11,3236.5,100
404,09:35:00,3234.685,100
405,09:34:58,3234.62,100
406,09:34:58,3234.62,100
407,09:34:57,3233.83,100
408,09:34:57,3234.18,100
409,09:34:57,3233.33,100
410,09:34:52,3233.01,100
411,09:34:50,3233.86,100
412,09:34:50,3234.15,100
413,09:34:50,3234.2,100
414,09:34:49,3233.0,100
415,09:34:49,3233.0,100
416,09:34:48,3233.86,100
417,09:34:48,3233.1,100
418,09:34:46,3234.015,150
419,09:34:42,3234.35,100
420,09:34:39,3233.1,100
421,09:34:37,3234.73,100
422,09:34:37,3234.95,100
423,09:34:37,3235.0,100
424,09:34:37,3235.0,100
425,09:34:34,3233.94,100
426,09:34:34,3233.94,100
427,09:34:34,3233.95,100
428,09:34:28,3235.0,100
429,09:34:27,3234.43,100
430,09:34:27,3234.95,100
431,09:34:26,3234.69,100
432,09:34:26,3234.37,100
433,09:34:26,3234.31,100
434,09:34:22,3233.66,100
435,09:34:21,3235.3725,100
436,09:34:21,3235.89,210
437,09:34:21,3235.54,100
438,09:34:21,3235.84,100
439,09:34:21,3235.88,100
440,09:34:21,3235.89,100
441,09:34:20,3234.615,100
442,09:34:16,3235.74,100
443,09:34:16,3235.27,100
444,09:34:14,3236.49,100
445,09:34:12,3235.255,100
446,09:34:12,3234.51,100
447,09:34:12,3234.135,100
448,09:34:12,3234.135,100
449,09:34:09,3234.035,300
450,09:34:04,3234.22,100
451,09:34:04,3234.27,100
452,09:34:04,3234.27,100
453,09:34:04,3235.35,100
454,09:34:04,3234.27,100
455,09:33:46,3236.49,100
456,09:33:42,3235.96,100
457,09:33:39,3234.33,100
458,09:33:38,3235.69,300
459,09:33:29,3236.41,100
460,09:33:29,3236.41,100
461,09:33:25,3236.255,200
462,09:33:21,3237.765,100
463,09:33:09,3236.38,100
464,09:33:09,3236.19,100
465,09:33:08,3239.0,170
466,09:33:02,3237.1,100
467,09:33:00,3236.37,100
468,09:33:00,3236.32,100
469,09:33:00,3234.6025,100
470,09:32:59,3234.99,100
471,09:32:57,3234.585,100
472,09:32:57,3233.44,100
473,09:32:54,3234.62,100
474,09:32:54,3234.8,100
475,09:32:49,3235.1,500
476,09:32:49,3235.0,100
477,09:32:49,3235.0,100
478,09:32:39,3235.12,100
479,09:32:34,3236.79,100
480,09:32:27,3236.8,100
481,09:32:01,3237.28,100
482,09:31:56,3238.72,100
483,09:31:54,3240.5,100
484,09:31:51,3239.27,100
485,09:31:48,3237.2,200
486,09:31:45,3239.42,100
487,09:31:34,3238.71,100
488,09:31:11,3240.37,100
489,09:31:04,3238.915,100
490,09:31:04,3239.2,100
491,09:31:04,3238.71,100
492,09:31:02,3236.54,100
493,09:31:02,3237.94,100
494,09:30:58,3237.21,100
495,09:30:57,3237.3,100
496,09:30:57,3236.63,100
497,09:30:54,3236.44,100
498,09:30:54,3236.0,115
499,09:30:54,3236.0,485
500,09:30:52,3236.44,100
501,09:30:52,3237.815,100
502,09:30:51,3236.53,100
503,09:30:51,3236.56,100
504,09:30:51,3236.95,200
505,09:30:51,3236.8,100
506,09:30:49,3237.46,100
507,09:30:39,3237.11,100
508,09:30:39,3236.0,100
509,09:30:39,3236.05,100
510,09:30:39,3236.0,100
511,09:30:39,3237.53,100
512,09:30:36,3238.18,100
513,09:30:33,3237.98,100
514,09:30:33,3238.41,100
515,09:30:33,3238.5498,100
516,09:30:33,3238.1,100
517,09:30:33,3238.08,100
518,09:30:33,3238.55,100
519,09:30:33,3237.73,895
520,09:30:32,3237.32,100
521,09:30:32,3237.37,100
522,09:30:32,3237.37,100
523,09:30:31,3236.88,146
524,09:30:31,3235.11,100
525,09:30:25,3235.84,100
526,09:30:24,3236.06,100
527,09:30:23,3236.0,100
528,09:30:23,3236.0,100
529,09:30:23,3236.02,100
530,09:30:22,3237.6599,100
531,09:30:15,3239.34,100
532,09:30:05,3240.37,116
533,09:30:05,3240.37,100
534,09:30:05,3240.805,100
535,09:30:03,3241.09,100
536,09:30:02,3241.45,100
537,09:30:02,3240.5,100
538,09:30:02,3240.71,100
539,09:30:01,3242.0,1
540,09:30:01,3242.0,30
541,09:30:01,3242.0,2
542,09:30:01,3242.0,10
543,09:30:01,3242.0,10
544,09:30:01,3242.0,1
545,09:30:01,3242.0,4
546,09:30:01,3242.0,5
547,09:30:01,3242.0,9
548,09:30:01,3242.0,3
549,09:30:01,3242.0,6
550,09:30:01,3242.0,25
551,09:30:01,3242.0,2
552,09:30:01,3242.0,20
553,09:30:01,3242.0,1
554,09:30:01,3242.0,2
555,09:30:01,3242.0,9
556,09:30:01,3242.0,5
557,09:30:01,3242.0,5
558,09:30:01,3242.0,1
559,09:30:01,3242.0,1
560,09:30:01,3242.0,9
561,09:30:01,3242.0,19
562,09:30:01,3242.0,10
563,09:30:01,3242.0,83
564,09:30:01,3242.0,2
565,09:30:01,3242.0,18
566,09:30:01,3242.0,5
567,09:30:01,3242.0,3
568,09:30:01,3242.0,2
569,09:30:01,3242.0,2
570,09:30:01,3242.0,2
571,09:30:01,3242.0,15
572,09:30:01,3242.0,1
573,09:30:01,3242.0,18
574,09:30:01,3242.0,4
575,09:30:01,3242.0,1
576,09:30:01,3242.0,1
577,09:30:01,3242.0,2
578,09:30:01,3242.0,10
579,09:30:01,3242.0,5
580,09:30:01,3242.0,3
581,09:30:01,3242.0,2
582,09:30:01,3242.0,4
583,09:30:01,3242.0,3
584,09:30:01,3242.0,20
585,09:30:01,3242.0,3
586,09:30:01,3242.0,4
587,09:30:01,3242.0,50
588,09:30:01,3242.0,10
589,09:30:01,3242.0,1
590,09:30:01,3242.0,3
591,09:30:01,3242.0,2
592,09:30:01,3242.0,1
593,09:30:01,3242.0,2
594,09:30:01,3242.0,1
595,09:30:01,3242.0,25
596,09:30:01,3242.0,1
597,09:30:01,3242.0,1
598,09:30:01,3242.0,5
599,09:30:01,3242.0,6
600,09:30:01,3242.0,1
601,09:30:01,3242.0,67
602,09:30:01,3242.0,4
603,09:30:01,3242.0,5
604,09:30:01,3242.0,1
605,09:30:01,3242.0,1
606,09:30:01,3242.0,1
607,09:30:01,3242.0,9
608,09:30:01,3242.0,1
609,09:30:01,3242.0,1
610,09:30:01,3242.0,150
611,09:30:01,3242.0,2
612,09:30:01,3242.0,3
613,09:30:01,3242.0,1
614,09:30:01,3242.0,10
615,09:30:01,3242.0,1
616,09:30:01,3242.0,1
617,09:30:01,3242.0,1
618,09:30:01,3242.0,2
619,09:30:01,3242.0,2
620,09:30:01,3242.0,1
621,09:30:01,3242.0,1
622,09:30:01,3242.0,2
623,09:30:01,3242.0,1
624,09:30:01,3242.0,3
625,09:30:01,3242.0,15
626,09:30:01,3242.0,1
627,09:30:01,3242.0,4
628,09:30:01,3242.0,2
629,09:30:01,3242.0,1
630,09:30:01,3242.0,1
631,09:30:01,3242.0,2
632,09:30:01,3242.0,1
633,09:30:01,3242.0,1
634,09:30:01,3242.0,4
635,09:30:01,3242.0,5
636,09:30:01,3242.0,5
637,09:30:01,3242.0,25
638,09:30:01,3242.0,20
639,09:30:01,3242.0,5
640,09:30:01,3242.0,2
641,09:30:01,3242.0,2
642,09:30:01,3242.0,2
643,09:30:01,3242.0,46
644,09:30:01,3242.0,1
645,09:30:01,3242.0,2
646,09:30:01,3242.0,14
647,09:30:01,3242.0,2
648,09:30:01,3242.0,2
649,09:30:01,3242.0,2
650,09:30:01,3242.0,10
651,09:30:01,3242.0,1
652,09:30:01,3242.0,3
653,09:30:01,3242.0,1
654,09:30:01,3242.0,10
655,09:30:01,3242.0,1
656,09:30:01,3242.0,5
657,09:30:01,3242.0,1
658,09:30:01,3242.0,1
659,09:30:01,3242.0,2
660,09:30:01,3242.0,10
661,09:30:01,3242.0,2
662,09:30:01,3242.0,31
663,09:30:01,3242.0,2
664,09:30:01,3242.0,15
665,09:30:01,3242.0,1
666,09:30:01,3242.0,15
667,09:30:01,3242.0,1
668,09:30:01,3242.0,2
669,09:30:01,3242.0,1
670,09:30:01,3242.0,1
671,09:30:01,3242.0,23
672,09:30:01,3242.0,1
673,09:30:01,3242.0,5
674,09:30:01,3242.0,1
675,09:30:01,3242.0,1
676,09:30:01,3242.0,3
677,09:30:01,3242.0,1
678,09:30:01,3242.0,2
679,09:30:01,3242.0,3
680,09:30:01,3242.0,3
681,09:30:01,3242.0,2
682,09:30:01,3242.0,2
683,09:30:01,3242.0,2
684,09:30:01,3242.0,1
685,09:30:01,3242.0,4
686,09:30:01,3242.0,6
687,09:30:01,3242.0,2
688,09:30:01,3242.0,17
689,09:30:01,3242.0,1
690,09:30:01,3242.0,1
691,09:30:01,3242.0,1
692,09:30:01,3242.0,3
693,09:30:01,3242.0,3
694,09:30:01,3242.0,3
695,09:30:01,3242.0,1
696,09:30:01,3242.0,1
697,09:30:01,3242.0,2
698,09:30:01,3242.0,6
699,09:30:01,3242.0,11
700,09:30:01,3242.0,1
701,09:30:01,3242.0,2
702,09:30:01,3242.0,1
703,09:30:01,3242.0,1
704,09:30:01,3242.0,1
705,09:30:01,3242.0,1
706,09:30:01,3242.0,2
707,09:30:01,3242.0,3
708,09:30:01,3242.0,1
709,09:30:01,3242.0,1
710,09:30:01,3242.0,2
711,09:30:01,3242.0,2
712,09:30:01,3242.0,1
713,09:30:01,3242.0,5
714,09:30:01,3242.0,1
715,09:30:01,3242.0,1
716,09:30:01,3242.0,1
717,09:30:01,3242.0,1
718,09:30:01,3242.0,1
719,09:30:01,3242.0,1
720,09:30:01,3242.0,1
721,09:30:01,3242.0,1
722,09:30:01,3242.0,3
723,09:30:01,3242.0,4
724,09:30:01,3242.0,1
725,09:30:01,3242.0,2
726,09:30:01,3242.0,1
727,09:30:01,3242.0,4
728,09:30:01,3242.0,1
729,09:30:01,3242.0,1
730,09:30:01,3242.0,1
731,09:30:01,3242.0,1
732,09:30:01,3242.0,1
733,09:30:01,3242.0,1
734,09:30:01,3242.0,1
735,09:30:01,3242.0,4
736,09:30:01,3242.0,1
737,09:30:01,3242.0,1
738,09:30:01,3242.0,25
739,09:30:01,3242.0,5
740,09:30:01,3242.0,1
741,09:30:01,3242.0,1
742,09:30:01,3242.0,3
743,09:30:01,3242.0,2
744,09:30:01,3242.0,15
745,09:30:01,3242.0,1
746,09:30:01,3242.0,5
747,09:30:01,3242.0,1
748,09:30:01,3242.0,4
749,09:30:01,3242.0,116
750,09:30:01,3242.0,2
751,09:30:01,3242.0,1
752,09:30:01,3242.0,5
753,09:30:01,3242.0,4
754,09:30:01,3242.0,3
755,09:30:01,3242.0,5
756,09:30:01,3242.0,2
757,09:30:01,3242.0,7
758,09:30:01,3242.0,10
759,09:30:01,3242.0,1
760,09:30:01,3242.0,30
761,09:30:01,3242.0,25
762,09:30:01,3242.0,8
763,09:30:01,3242.0,3
764,09:30:01,3242.0,1
765,09:30:01,3242.0,1
766,09:30:01,3242.0,1
767,09:30:01,3242.0,1
768,09:30:01,3242.0,5
769,09:30:01,3242.0,2
770,09:30:01,3242.0,2
771,09:30:01,3242.0,1
772,09:30:01,3242.0,1
773,09:30:01,3242.0,1
774,09:30:01,3242.0,161
775,09:30:01,3242.0,3
776,09:30:01,3242.0,4
777,09:30:01,3242.0,1
778,09:30:01,3242.0,5
779,09:30:01,3242.0,1
780,09:30:01,3242.0,3
781,09:30:01,3242.0,7
782,09:30:01,3242.0,27
783,09:30:01,3242.0,3
784,09:30:01,3242.0,3
785,09:30:01,3242.0,77
786,09:30:01,3242.0,3
787,09:30:01,3242.0,2
788,09:30:01,3242.0,1
789,09:30:01,3242.0,1
790,09:30:01,3242.0,2000
791,09:30:01,3242.0,1
792,09:30:01,3242.0,2
793,09:30:01,3242.0,4
794,09:30:01,3242.0,22
795,09:30:01,3242.0,5
796,09:30:01,3242.0,4
797,09:30:01,3242.0,10
798,09:30:01,3242.0,10
799,09:30:01,3242.0,3
800,09:30:01,3242.0,2
801,09:30:01,3242.0,10
802,09:30:01,3242.0,5
803,09:30:01,3242.0,2
804,09:30:01,3242.0,2
805,09:30:01,3242.0,3
806,09:30:01,3242.0,2
807,09:30:01,3242.0,9
808,09:30:01,3242.0,15
809,09:30:01,3242.0,12
810,09:30:01,3242.0,5
811,09:30:01,3242.0,1
812,09:30:01,3242.0,2
813,09:30:01,3242.0,1
814,09:30:01,3242.0,1
815,09:30:01,3242.0,1
816,09:30:01,3242.0,1
817,09:30:01,3242.0,2
818,09:30:01,3242.0,1
819,09:30:01,3242.0,1
820,09:30:01,3242.0,1
821,09:30:01,3242.0,1
822,09:30:01,3242.0,1
823,09:30:01,3242.0,7
824,09:30:01,3242.0,2
825,09:30:01,3242.0,2
826,09:30:01,3242.0,2
827,09:30:01,3242.0,20
828,09:30:01,3242.0,11
829,09:30:01,3242.0,8
830,09:30:01,3242.0,1
831,09:30:01,3242.0,1
832,09:30:01,3242.0,3
833,09:30:01,3242.0,1
834,09:30:01,3242.0,2
835,09:30:01,3242.0,1
836,09:30:01,3242.0,1
837,09:30:01,3242.0,1
838,09:30:01,3242.0,1
839,09:30:01,3242.0,7
840,09:30:01,3242.0,1
841,09:30:01,3242.0,7
842,09:30:01,3242.0,26
843,09:30:01,3242.0,11
844,09:30:01,3242.0,1
845,09:30:01,3242.0,10
846,09:30:01,3242.0,30
847,09:30:01,3242.0,15
848,09:30:01,3242.0,70
849,09:30:01,3242.0,2
850,09:30:01,3242.0,18
851,09:30:01,3242.0,1
852,09:30:01,3242.0,5
853,09:30:01,3242.0,5
854,09:30:01,3242.0,8
855,09:30:01,3242.0,12
856,09:30:01,3242.0,20
857,09:30:01,3242.0,7
858,09:30:01,3242.0,15
859,09:30:01,3242.0,1
860,09:30:01,3242.0,15
861,09:30:01,3242.0,3
862,09:30:01,3242.0,1
863,09:30:01,3242.0,1
864,09:30:01,3242.0,3
865,09:30:01,3242.0,3
866,09:30:01,3242.0,1
867,09:30:01,3242.0,1
868,09:30:01,3242.0,5
869,09:30:01,3242.0,4
870,09:30:01,3242.0,10
871,09:30:01,3242.0,3
872,09:30:01,3242.0,1
873,09:30:01,3242.0,1
874,09:30:01,3242.0,1
875,09:30:01,3242.0,1
876,09:30:01,3242.0,10
877,09:30:01,3242.0,2
878,09:30:01,3242.0,10
879,09:30:01,3242.0,2
880,09:30:01,3242.0,1
881,09:30:01,3242.0,10
882,09:30:01,3242.0,6
883,09:30:01,3242.0,1
884,09:30:01,3242.0,9
885,09:30:01,3242.0,2
886,09:30:01,3242.0,2
887,09:30:01,3242.0,2
888,09:30:01,3242.0,1
889,09:30:01,3242.0,20
890,09:30:01,3242.0,4
891,09:30:01,3242.0,5
892,09:30:01,3242.0,1
893,09:30:01,3242.0,2
894,09:30:01,3242.0,1
895,09:30:01,3242.0,10
896,09:30:01,3242.0,1
897,09:30:01,3242.0,1
898,09:30:01,3242.0,1
899,09:30:01,3242.0,1
900,09:30:01,3242.0,5
901,09:30:01,3242.0,1
902,09:30:01,3242.0,2
903,09:30:01,3242.0,2
904,09:30:01,3242.0,5
905,09:30:01,3242.0,2
906,09:30:01,3242.0,5
907,09:30:01,3242.0,1
908,09:30:01,3242.0,3
909,09:30:01,3242.0,5
910,09:30:01,3242.0,100
911,09:30:01,3242.0,180
912,09:30:01,3242.0,15
913,09:30:01,3242.0,120
914,09:30:01,3242.0,2
915,09:30:01,3242.0,2
916,09:30:01,3242.0,2
917,09:30:01,3242.0,2
918,09:30:01,3242.0,4
919,09:30:01,3242.0,10
920,09:30:01,3242.0,2
921,09:30:01,3242.0,4
922,09:30:01,3242.0,2
923,09:30:01,3242.0,1
924,09:30:01,3242.0,2
925,09:30:01,3242.0,1
926,09:30:01,3242.0,1
927,09:30:01,3242.0,2
928,09:30:01,3242.0,2
929,09:30:01,3242.0,3
930,09:30:01,3242.0,1
931,09:30:01,3242.0,1
932,09:30:01,3242.0,2
933,09:30:01,3242.0,1
934,09:30:01,3242.0,2
935,09:30:01,3242.0,2
936,09:30:01,3242.0,2
937,09:30:01,3242.0,1
938,09:30:01,3242.0,1
939,09:30:01,3242.0,1
940,09:30:01,3242.0,1
941,09:30:01,3242.0,10
942,09:30:01,3242.0,6
943,09:30:01,3242.0,2
944,09:30:01,3242.0,3
945,09:30:01,3242.0,1
946,09:30:01,3242.0,1
947,09:30:01,3242.0,6
948,09:30:01,3242.0,1
949,09:30:01,3242.0,3
950,09:30:01,3242.0,3
951,09:30:01,3242.0,2
952,09:30:01,3242.0,1
953,09:30:01,3242.0,5
954,09:30:01,3242.0,1
955,09:30:01,3242.0,1
956,09:30:01,3242.0,2
957,09:30:01,3242.0,2
958,09:30:01,3242.0,10
959,09:30:01,3242.0,5
960,09:30:01,3242.0,1
961,09:30:01,3242.0,1
962,09:30:01,3242.0,2
963,09:30:01,3242.0,1
964,09:30:01,3242.0,1
965,09:30:01,3242.0,2
966,09:30:01,3242.0,5
967,09:30:01,3242.0,20
968,09:30:01,3242.0,3
969,09:30:01,3242.0,1
970,09:30:01,3242.0,2
971,09:30:01,3242.0,1
972,09:30:01,3242.0,2
973,09:30:01,3242.0,5
974,09:30:01,3242.0,1
975,09:30:01,3242.0,15
976,09:30:01,3242.0,1
977,09:30:01,3242.0,1
978,09:30:01,3242.0,1
979,09:30:01,3242.0,15
980,09:30:01,3242.0,1
981,09:30:01,3242.0,5
982,09:30:01,3242.0,1
983,09:30:01,3242.0,1
984,09:30:01,3242.0,2
985,09:30:01,3242.0,2
986,09:30:01,3242.0,1
987,09:30:01,3242.0,12
988,09:30:01,3242.0,1
989,09:30:01,3242.0,2
990,09:30:01,3242.0,1
991,09:30:01,3242.0,151
992,09:30:01,3242.0,1
993,09:30:01,3242.0,1
994,09:30:01,3242.0,1039
995,09:30:01,3242.0,12
996,09:30:01,3242.0,11
997,09:30:01,3242.0,3
998,09:30:01,3242.0,293
999,09:30:01,3242.0,12
1000,09:30:01,3242.0,13
1001,09:30:01,3242.0,10
1002,09:30:01,3242.0,1
1003,09:30:01,3242.0,1
1004,09:30:01,3242.0,1
1005,09:30:01,3242.0,5
1006,09:30:01,3242.0,4
1007,09:30:01,3242.0,5
1008,09:30:01,3242.0,2
1009,09:30:01,3242.0,3
1010,09:30:01,3242.0,1
1011,09:30:01,3242.0,5
1012,09:30:01,3242.0,2
1013,09:30:01,3242.0,3
1014,09:30:01,3242.0,1
1015,09:30:01,3242.0,12
1016,09:30:01,3242.0,1
1017,09:30:01,3242.0,1
1018,09:30:01,3242.0,5
1019,09:30:01,3242.0,4
1020,09:30:01,3242.0,1
1021,09:30:01,3242.0,5
1022,09:30:01,3242.0,5
1023,09:30:01,3242.0,2
1024,09:30:01,3242.0,2
1025,09:30:01,3242.0,6
1026,09:30:01,3242.0,2
1027,09:30:01,3242.0,10
1028,09:30:01,3242.0,1
1029,09:30:01,3242.0,1
1030,09:30:01,3242.0,2
1031,09:30:01,3242.0,1
1032,09:30:01,3242.0,4
1033,09:30:01,3242.0,1
1034,09:30:01,3242.0,1
1035,09:30:01,3242.0,2
1036,09:30:01,3242.0,10
1037,09:30:01,3242.0,10
1038,09:30:01,3242.0,10
1039,09:30:01,3242.0,25
1040,09:30:01,3242.0,16
1041,09:30:01,3242.0,1
1042,09:30:01,3242.0,1
1043,09:30:01,3242.0,1
1044,09:30:01,3242.0,2192
1045,09:30:01,3242.0,6
1046,09:30:01,3242.0,4
1047,09:30:01,3242.0,2
1048,09:30:01,3242.0,2
1049,09:30:01,3242.0,1
1050,09:30:01,3242.0,1
1051,09:30:01,3242.0,2
1052,09:30:01,3242.0,1
1053,09:30:01,3242.0,1
1054,09:30:01,3242.0,1
1055,09:30:01,3242.0,1
1056,09:30:01,3242.0,4
1057,09:30:01,3242.0,60
1058,09:30:01,3242.0,38
1059,09:30:01,3242.0,2
1060,09:30:01,3242.0,241
1061,09:30:01,3242.0,1
1062,09:30:01,3242.0,1
1063,09:30:01,3242.0,1
1064,09:30:01,3242.0,1
1065,09:30:01,3242.0,3
1066,09:30:01,3242.0,6
1067,09:30:01,3242.0,1
1068,09:30:01,3242.0,3
1069,09:30:01,3242.0,10
1070,09:30:01,3242.0,14
1071,09:30:01,3242.0,2
1072,09:30:01,3242.0,1
1073,09:30:01,3242.0,20
1074,09:30:01,3242.0,20
1075,09:30:01,3242.0,123
1076,09:30:01,3242.0,2
1077,09:30:01,3242.0,47
1078,09:30:01,3242.0,1
1079,09:30:01,3242.0,1
1080,09:30:01,3242.0,2
1081,09:30:01,3242.0,1
1082,09:30:01,3242.0,1
1083,09:30:01,3242.0,1
1084,09:30:01,3242.0,10
1085,09:30:01,3242.0,4
1086,09:30:01,3242.0,1
1087,09:30:01,3242.0,2
1088,09:30:01,3242.0,2
1089,09:30:01,3242.0,2
1090,09:30:01,3242.0,1
1091,09:30:01,3242.0,3
1092,09:30:01,3242.0,1
1093,09:30:01,3242.0,1
1094,09:30:01,3242.0,3
1095,09:30:01,3242.0,1
1096,09:30:01,3242.0,2
1097,09:30:01,3242.0,1
1098,09:30:01,3242.0,1
1099,09:30:01,3242.0,1
1100,09:30:01,3242.0,1
1101,09:30:01,3242.0,1
1102,09:30:01,3242.0,1
1103,09:30:01,3242.0,3
1104,09:30:01,3242.0,1
1105,09:30:01,3242.0,1
1106,09:30:01,3242.0,1
1107,09:30:01,3242.0,2
1108,09:30:01,3242.0,5
1109,09:30:01,3242.0,4
1110,09:30:01,3242.0,5
1111,09:30:01,3242.0,1
1112,09:30:01,3242.0,1
1113,09:30:01,3242.0,1
1114,09:30:01,3242.0,1
1115,09:30:01,3242.0,2
1116,09:30:01,3242.0,5
1117,09:30:01,3242.0,1
1118,09:30:01,3242.0,5
1119,09:30:01,3242.0,2
1120,09:30:01,3242.0,5
1121,09:30:01,3242.0,30
1122,09:30:01,3242.0,2
1123,09:30:01,3242.0,68
1124,09:30:01,3242.0,6
1125,09:30:01,3242.0,18
1126,09:30:01,3242.0,15
1127,09:30:01,3242.0,1
1128,09:30:01,3242.0,457
1129,09:30:01,3242.0,4
1130,09:30:01,3242.0,4
1131,09:30:01,3242.0,9
1132,09:30:01,3242.0,6
1133,09:30:01,3242.0,5
1134,09:30:01,3242.0,15
1135,09:30:01,3242.0,2
1136,09:30:01,3242.0,30
1137,09:30:01,3242.0,80
1138,09:30:01,3242.0,30
1139,09:30:01,3242.0,4
1140,09:30:01,3242.0,2
1141,09:30:01,3242.0,1
1142,09:30:01,3242.0,10
1143,09:30:01,3242.0,40
1144,09:30:01,3242.0,40
1145,09:30:01,3242.0,5
1146,09:30:01,3242.0,12
1147,09:30:01,3242.0,3
1148,09:30:01,3242.0,3
1149,09:30:01,3242.0,2
1150,09:30:01,3242.0,20
1151,09:30:01,3242.0,2
1152,09:30:01,3242.0,9
1153,09:30:01,3242.0,10
1154,09:30:01,3242.0,1
1155,09:30:01,3242.0,1
1156,09:30:01,3242.0,3
1157,09:30:01,3242.0,2
1158,09:30:01,3242.0,1
1159,09:30:01,3242.0,1
1160,09:30:01,3242.0,8
1161,09:30:01,3242.0,5
1162,09:30:01,3242.0,4
1163,09:30:01,3242.0,19
1164,09:30:01,3242.0,2
1165,09:30:01,3242.0,1
1166,09:30:01,3242.0,1
1167,09:30:01,3242.0,1
1168,09:30:01,3242.0,11
1169,09:30:01,3242.0,2
1170,09:30:01,3242.0,1
1171,09:30:01,3242.0,16
1172,09:30:01,3242.0,3
1173,09:30:01,3242.0,1
1174,09:30:01,3242.0,4
1175,09:30:01,3242.0,3
1176,09:30:01,3242.0,2
1177,09:30:01,3242.0,75
1178,09:30:01,3242.0,1
1179,09:30:01,3242.0,2
1180,09:30:01,3242.0,1
1181,09:30:01,3242.0,1
1182,09:30:01,3242.0,13
1183,09:30:01,3242.0,2
1184,09:30:01,3242.0,45
1185,09:30:01,3242.0,10
1186,09:30:01,3242.0,5
1187,09:30:01,3242.0,17
1188,09:30:01,3242.0,962
1189,09:30:01,3242.0,17
1190,09:30:01,3242.0,68
1191,09:30:01,3242.0,3
1192,09:30:01,3242.0,1
1193,09:30:01,3242.0,1
1194,09:30:01,3242.0,1
1195,09:30:01,3242.0,1
1196,09:30:01,3242.0,1
1197,09:30:01,3242.0,1
1198,09:30:01,3242.0,2
1199,09:30:01,3242.0,1
1200,09:30:01,3242.0,2
1201,09:30:01,3242.0,2
1202,09:30:01,3242.0,1
1203,09:30:01,3242.0,1
1204,09:30:01,3242.0,1
1205,09:30:01,3242.0,3
1206,09:30:01,3242.0,1
1207,09:30:01,3242.0,1
1208,09:30:01,3242.0,1
1209,09:30:01,3242.0,1
1210,09:30:01,3242.0,1
1211,09:30:01,3242.0,1
1212,09:30:01,3242.0,1
1213,09:30:01,3242.0,3
1214,09:30:01,3242.0,2
1215,09:30:01,3242.0,1
1216,09:30:01,3242.0,3
1217,09:30:01,3242.0,1
1218,09:30:01,3242.0,1
1219,09:30:01,3242.0,1
1220,09:30:01,3242.0,58
1221,09:30:01,3242.0,1
1222,09:30:01,3242.0,1
1223,09:30:01,3242.0,10
1224,09:30:01,3242.0,2
1225,09:30:01,3242.0,1
1226,09:30:01,3242.0,1
1227,09:30:01,3242.0,8
1228,09:30:01,3242.0,16
1229,09:30:01,3242.0,1
1230,09:30:01,3242.0,18
1231,09:30:01,3242.0,1
1232,09:30:01,3242.0,3
1233,09:30:01,3242.0,2
1234,09:30:01,3242.0,2
1235,09:30:01,3242.0,3
1236,09:30:01,3242.0,1
1237,09:30:01,3242.0,3
1238,09:30:01,3242.0,1
1239,09:30:01,3242.0,3
1240,09:30:01,3242.0,2
1241,09:30:01,3242.0,8
1242,09:30:01,3242.0,80
1243,09:30:01,3242.0,1
1244,09:30:01,3242.0,3
1245,09:30:01,3242.0,4
1246,09:30:01,3242.0,2
1247,09:30:01,3242.0,2
1248,09:30:01,3242.0,3
1249,09:30:01,3242.0,1
1250,09:30:01,3242.0,4
1251,09:30:01,3242.0,1
1252,09:30:01,3242.0,393
1253,09:30:01,3242.0,117
1254,09:30:01,3242.0,3
1255,09:30:01,3242.0,100
1256,09:30:01,3242.0,4
1257,09:30:01,3242.0,40
1258,09:30:01,3242.0,53
1259,09:30:01,3242.0,1
1260,09:30:01,3242.0,1
1261,09:30:01,3242.0,12
1262,09:30:01,3242.0,3
1263,09:30:01,3242.0,100
1264,09:30:01,3242.0,1
1265,09:30:01,3242.0,100
1266,09:30:01,3242.0,10
1267,09:30:01,3242.0,200
1268,09:30:01,3242.0,34
1269,09:30:01,3242.0,27
1270,09:30:01,3242.0,4
1271,09:30:01,3242.0,3
1272,09:30:01,3242.0,1
1273,09:30:01,3242.0,4
1274,09:30:01,3242.0,36
1275,09:30:01,3242.0,1204
1276,09:30:01,3242.0,7
1277,09:30:01,3242.0,7
1278,09:30:01,3242.0,61
1279,09:30:01,3242.0,9
1280,09:30:01,3242.0,5
1281,09:30:01,3242.0,5
1282,09:30:01,3242.0,3
1283,09:30:01,3242.0,6
1284,09:30:01,3242.0,10
1285,09:30:01,3242.0,1
1286,09:30:01,3242.0,1
1287,09:30:01,3242.0,1
1288,09:30:01,3242.0,2
1289,09:30:01,3242.0,10
1290,09:30:01,3242.0,8
1291,09:30:01,3242.0,1
1292,09:30:01,3242.0,75
1293,09:30:01,3242.0,60
1294,09:30:01,3242.0,5
1295,09:30:01,3242.0,13
1296,09:30:01,3242.0,27
1297,09:30:01,3242.0,1
1298,09:30:01,3242.0,33
1299,09:30:01,3242.0,1
1300,09:30:01,3242.0,86
1301,09:30:01,3242.0,150
1302,09:30:01,3242.0,46
1303,09:30:01,3242.0,2
1304,09:30:01,3242.0,1
1305,09:30:01,3242.0,10
1306,09:30:01,3242.0,2
1307,09:30:01,3242.0,1
1308,09:30:01,3242.0,10
1309,09:30:01,3242.0,35
1310,09:30:01,3242.0,29
1311,09:30:01,3242.0,11
1312,09:30:01,3242.0,1
1313,09:30:01,3242.0,9
1314,09:30:01,3242.0,1
1315,09:30:01,3242.0,55
1316,09:30:01,3242.0,61
1317,09:30:01,3242.0,1
1318,09:30:01,3242.0,18
1319,09:30:01,3242.0,300
1320,09:30:01,3242.0,1
1321,09:30:01,3242.0,6
1322,09:30:01,3242.0,5
1323,09:30:01,3242.0,1
1324,09:30:01,3242.0,1
1325,09:30:01,3242.0,64
1326,09:30:01,3242.0,10
1327,09:30:01,3242.0,1
1328,09:30:01,3242.0,10
1329,09:30:01,3242.0,1
1330,09:30:01,3242.0,4
1331,09:30:01,3242.0,2
1332,09:30:01,3242.0,20
1333,09:30:01,3242.0,3
1334,09:30:01,3242.0,320
1335,09:30:01,3242.0,1
1336,09:30:01,3242.0,4
1337,09:30:01,3242.0,10
1338,09:30:01,3242.0,17
1339,09:30:01,3242.0,22
1340,09:30:01,3242.0,22
1341,09:30:01,3242.0,20
1342,09:30:01,3242.0,15
1343,09:30:01,3242.0,7
1344,09:30:01,3242.0,190
1345,09:30:01,3242.0,10
1346,09:30:01,3242.0,1
1347,09:30:01,3242.0,5
1348,09:30:01,3242.0,2
1349,09:30:01,3242.0,15
1350,09:30:01,3242.0,3
1351,09:30:01,3242.0,40
1352,09:30:01,3242.0,246
1353,09:30:01,3242.0,476
1354,09:30:01,3242.0,19
1355,09:30:01,3242.0,2
1356,09:30:01,3242.0,5
1357,09:30:01,3242.0,3
1358,09:30:01,3242.0,3
1359,09:30:01,3242.0,15
1360,09:30:01,3242.0,7
1361,09:30:01,3242.0,1
1362,09:30:01,3242.0,2
1363,09:30:01,3242.0,1
1364,09:30:01,3242.0,2
1365,09:30:01,3242.0,3
1366,09:30:01,3242.0,1
1367,09:30:01,3242.0,3
1368,09:30:01,3242.0,4
1369,09:30:01,3242.0,1
1370,09:30:01,3242.0,6
1371,09:30:01,3242.0,900
1372,09:30:01,3242.0,34
1373,09:30:01,3242.0,1
1374,09:30:01,3242.0,1
1375,09:30:01,3242.0,1
1376,09:30:01,3242.0,4
1377,09:30:01,3242.0,10
1378,09:30:01,3242.0,1
1379,09:30:01,3242.0,18
1380,09:30:01,3242.0,16
1381,09:30:01,3242.0,10
1382,09:30:01,3242.0,4
1383,09:30:01,3242.0,4
1384,09:30:01,3242.0,30
1385,09:30:01,3242.0,24
1386,09:30:01,3242.0,5
1387,09:30:01,3242.0,1
1388,09:30:01,3242.0,7
1389,09:30:01,3242.0,50
1390,09:30:01,3242.0,400
1391,09:30:01,3242.0,30
1392,09:30:01,3242.0,13
1393,09:30:01,3242.0,2
1394,09:30:01,3242.0,24
1395,09:30:01,3242.0,1
1396,09:30:01,3242.0,3
1397,09:30:01,3242.0,1
1398,09:30:01,3242.0,2
1399,09:30:01,3242.0,130
1400,09:30:01,3242.0,1
1401,09:30:01,3242.0,5
1402,09:30:01,3242.0,10
1403,09:30:01,3242.0,1
1404,09:30:01,3242.0,10
1405,09:30:01,3242.0,29
1406,09:30:01,3242.0,60
1407,09:30:01,3242.0,100
1408,09:30:01,3242.0,7
1409,09:30:01,3242.0,10
1410,09:30:01,3242.0,26
1411,09:30:01,3242.0,10
1412,09:30:01,3242.0,1
1413,09:30:01,3242.0,12
1414,09:30:01,3242.0,1
1415,09:30:01,3242.0,2
1416,09:30:01,3242.0,120
1417,09:30:01,3242.0,2
1418,09:30:01,3242.0,5
1419,09:30:01,3242.0,1
1420,09:30:01,3242.0,4
1421,09:30:01,3242.0,1
1422,09:30:01,3242.0,5
1423,09:30:01,3242.0,1
1424,09:30:01,3242.0,2
1425,09:30:01,3242.0,3
1426,09:30:01,3242.0,1
1427,09:30:01,3242.0,1
1428,09:30:01,3242.0,3
1429,09:30:01,3242.0,1
1430,09:30:01,3242.0,10
1431,09:30:01,3242.0,1
1432,09:30:01,3242.0,20
1433,09:30:01,3242.0,2
1434,09:30:01,3242.0,9
1435,09:30:01,3242.0,22
1436,09:30:01,3242.0,3
1437,09:30:01,3242.0,4
1438,09:30:01,3242.0,6
1439,09:30:01,3242.0,1
1440,09:30:01,3242.0,32
1441,09:30:01,3242.0,14
1442,09:30:01,3242.0,2
1443,09:30:01,3242.0,39
1444,09:30:01,3242.0,76
1445,09:30:01,3242.0,1
1446,09:30:01,3242.0,2
1447,09:30:01,3242.0,16
1448,09:30:01,3242.0,1
1449,09:30:01,3242.0,3
1450,09:30:01,3242.0,2
1451,09:30:01,3242.0,5
1452,09:30:01,3242.0,13
1453,09:30:01,3242.0,6
1454,09:30:01,3242.0,1
1455,09:30:01,3242.0,1
1456,09:30:01,3242.0,105
1457,09:30:01,3242.0,10
1458,09:30:01,3242.0,40
1459,09:30:01,3242.0,5
1460,09:30:01,3242.0,1
1461,09:30:01,3242.0,4
1462,09:30:01,3242.0,9
1463,09:30:01,3242.0,1
1464,09:30:01,3242.0,29
1465,09:30:01,3242.0,37
1466,09:30:01,3242.0,20
1467,09:30:01,3242.0,13
1468,09:30:01,3242.0,1
1469,09:30:01,3242.0,1
1470,09:30:01,3242.0,25
1471,09:30:01,3242.0,3
1472,09:30:01,3242.0,187
1473,09:30:01,3242.0,1
1474,09:30:01,3242.0,1
1475,09:30:01,3242.0,3
1476,09:30:01,3242.0,1
1477,09:30:01,3242.0,20
1478,09:30:01,3242.0,2
1479,09:30:01,3242.0,5
1480,09:30:01,3242.0,10
1481,09:30:01,3242.0,3
1482,09:30:01,3242.0,5
1483,09:30:01,3242.0,121
1484,09:30:01,3242.0,7
1485,09:30:01,3242.0,8
1486,09:30:01,3242.0,1
1487,09:30:01,3242.0,8
1488,09:30:01,3242.0,5
1489,09:30:01,3242.0,2
1490,09:30:01,3242.0,200
1491,09:30:01,3242.0,4
1492,09:30:01,3242.0,1
1493,09:30:01,3242.0,1
1494,09:30:01,3242.0,1
1495,09:30:01,3242.0,5
1496,09:30:01,3242.0,10
1497,09:30:01,3242.0,1
1498,09:30:01,3242.0,1
1499,09:30:01,3242.0,1
1500,09:30:01,3242.0,1
1501,09:30:01,3242.0,2
1502,09:30:01,3242.0,10
1503,09:30:01,3242.0,2
1504,09:30:01,3242.0,25
1505,09:30:01,3242.0,1
1506,09:30:01,3242.0,1
1507,09:30:01,3242.0,3
1508,09:30:01,3242.0,1
1509,09:30:01,3242.0,1
1510,09:30:01,3242.0,1
1511,09:30:01,3242.0,1
1512,09:30:01,3242.0,2
1513,09:30:01,3242.0,1
1514,09:30:01,3242.0,2
1515,09:30:01,3242.0,25
1516,09:30:01,3242.0,4
1517,09:30:01,3242.0,1
1518,09:30:01,3242.0,2
1519,09:30:01,3242.0,1
1520,09:30:01,3242.0,1
1521,09:30:01,3242.0,3
1522,09:30:01,3242.0,10
1523,09:30:01,3242.0,17
1524,09:30:01,3242.0,15
1525,09:30:01,3242.0,1
1526,09:30:01,3242.0,1
1527,09:30:01,3242.0,2
1528,09:30:01,3242.0,1
1529,09:30:01,3242.0,1
1530,09:30:01,3242.0,1
1531,09:30:01,3242.0,1
1532,09:30:01,3242.0,2
1533,09:30:01,3242.0,1
1534,09:30:01,3242.0,1
1535,09:30:01,3242.0,1
1536,09:30:01,3242.0,1
1537,09:30:01,3242.0,3
1538,09:30:01,3242.0,6
1539,09:30:01,3242.0,7
1540,09:30:01,3242.0,1
1541,09:30:01,3242.0,2
1542,09:30:01,3242.0,1
1543,09:30:01,3242.0,1
1544,09:30:01,3242.0,50
1545,09:30:01,3242.0,1
1546,09:30:01,3242.0,2
1547,09:30:01,3242.0,2
1548,09:30:01,3242.0,2
1549,09:30:01,3242.0,5
1550,09:30:01,3242.0,1
1551,09:30:01,3242.0,8
1552,09:30:01,3242.0,8
1553,09:30:01,3242.0,2
1554,09:30:01,3242.0,6
1555,09:30:01,3242.0,1
1556,09:30:01,3242.0,4
1557,09:30:01,3242.0,1
1558,09:30:01,3242.0,4
1559,09:30:01,3242.0,5
1560,09:30:01,3242.0,1
1561,09:30:01,3242.0,1
1562,09:30:01,3242.0,2
1563,09:30:01,3242.0,15
1564,09:30:01,3242.0,20
1565,09:30:01,3242.0,1
1566,09:30:01,3242.0,1
1567,09:30:01,3242.0,1
1568,09:30:01,3242.0,1
1569,09:30:01,3242.0,1
1570,09:30:01,3242.0,26
1571,09:30:01,3242.0,5
1572,09:30:01,3242.0,3
1573,09:30:01,3242.0,2
1574,09:30:01,3242.0,2
1575,09:30:01,3242.0,20
1576,09:30:01,3242.0,1
1577,09:30:01,3242.0,5
1578,09:30:01,3242.0,25
1579,09:30:01,3242.0,2
1580,09:30:01,3242.0,45
1581,09:30:01,3242.0,2
1582,09:30:01,3242.0,4
1583,09:30:01,3242.0,3
1584,09:30:01,3242.0,3
1585,09:30:01,3242.0,2
1586,09:30:01,3242.0,2
1587,09:30:01,3242.0,25
1588,09:30:01,3242.0,4
1589,09:30:01,3242.0,1
1590,09:30:01,3242.0,10
1591,09:30:01,3242.0,8
1592,09:30:01,3242.0,4
1593,09:30:01,3242.0,8
1594,09:30:01,3242.0,18
1595,09:30:01,3242.0,47
1596,09:30:01,3242.0,2
1597,09:30:01,3242.0,5
1598,09:30:01,3242.0,137
1599,09:30:01,3242.0,30
1600,09:30:01,3242.0,10
1601,09:30:01,3242.0,3
1602,09:30:01,3242.0,87
1603,09:30:01,3242.0,1
1604,09:30:01,3242.0,90
1605,09:30:01,3242.0,185
1606,09:30:01,3242.0,8
1607,09:30:01,3242.0,1
1608,09:30:01,3242.0,1
1609,09:30:01,3242.0,2
1610,09:30:01,3242.0,1
1611,09:30:01,3242.0,2
1612,09:30:01,3242.0,3
1613,09:30:01,3242.0,3
1614,09:30:01,3242.0,10
1615,09:30:01,3242.0,60
1616,09:30:01,3242.0,32
1617,09:30:01,3242.0,1
1618,09:30:01,3242.0,3
1619,09:30:01,3242.0,15
1620,09:30:01,3242.0,1
1621,09:30:01,3242.0,10
1622,09:30:01,3242.0,1
1623,09:30:01,3242.0,2
1624,09:30:01,3242.0,1
1625,09:30:01,3242.0,2
1626,09:30:01,3242.0,2
1627,09:30:01,3242.0,1
1628,09:30:01,3242.0,3
1629,09:30:01,3242.0,1
1630,09:30:01,3242.0,1
1631,09:30:01,3242.0,582
1632,09:30:01,3242.0,346
1633,09:30:01,3242.0,1
1634,09:30:01,3242.0,1
1635,09:30:01,3242.0,1
1636,09:30:01,3242.0,1
1637,09:30:01,3242.0,1
1638,09:30:01,3242.0,18
1639,09:30:01,3242.0,2
1640,09:30:01,3242.0,1
1641,09:30:01,3242.0,1
1642,09:30:01,3242.0,1
1643,09:30:01,3242.0,12
1644,09:30:01,3242.0,1
1645,09:30:01,3242.0,2
1646,09:30:01,3242.0,6
1647,09:30:01,3242.0,2
1648,09:30:01,3242.0,25
1649,09:30:01,3242.0,1
1650,09:30:01,3242.0,1
1651,09:30:01,3242.0,1
1652,09:30:01,3242.0,20
1653,09:30:01,3242.0,5
1654,09:30:01,3242.0,1
1655,09:30:01,3242.0,1
1656,09:30:01,3242.0,4
1657,09:30:01,3242.0,1
1658,09:30:01,3242.0,12
1659,09:30:01,3242.0,5
1660,09:30:01,3242.0,5
1661,09:30:01,3242.0,1
1662,09:30:01,3242.0,3
1663,09:30:01,3242.0,1
1664,09:30:01,3242.0,3
1665,09:30:01,3242.0,5
1666,09:30:01,3242.0,10
1667,09:30:01,3242.0,4
1668,09:30:01,3242.0,177
1669,09:30:01,3242.0,1
1670,09:30:01,3242.0,3
1671,09:30:01,3242.0,10
1672,09:30:01,3242.0,10
1673,09:30:01,3242.0,5
1674,09:30:01,3242.0,2
1675,09:30:01,3242.0,2
1676,09:30:01,3242.0,4
1677,09:30:01,3242.0,1
1678,09:30:01,3242.0,1
1679,09:30:01,3242.0,1
1680,09:30:01,3242.0,4
1681,09:30:01,3242.0,3
1682,09:30:01,3242.0,3
1683,09:30:01,3242.0,1
1684,09:30:01,3242.0,1
1685,09:30:01,3242.0,6
1686,09:30:01,3242.0,2
1687,09:30:01,3242.0,2
1688,09:30:01,3242.0,10
1689,09:30:01,3242.0,1
1690,09:30:01,3242.0,2
1691,09:30:01,3242.0,1
1692,09:30:01,3242.0,2
1693,09:30:01,3242.0,3
1694,09:30:01,3242.0,1
1695,09:30:01,3242.0,1
1696,09:30:01,3242.0,311
1697,09:30:01,3242.0,46
1698,09:30:01,3242.0,49
1699,09:30:01,3242.0,52
1700,09:30:01,3242.0,56
1701,09:30:01,3242.0,47
1702,09:30:01,3242.0,9
1703,09:30:01,3242.0,30
1704,09:30:01,3242.0,27
1705,09:30:01,3242.0,23
1706,09:30:01,3242.0,84
1707,09:30:01,3242.0,15
1708,09:30:01,3242.0,77
1709,09:30:01,3242.0,80
1710,09:30:01,3242.0,10
1711,09:30:01,3242.0,10
1712,09:30:01,3242.0,80
1713,09:30:01,3242.0,4
1714,09:30:01,3242.0,2
1715,09:30:01,3242.0,1
1716,09:30:01,3242.0,3
1717,09:30:01,3242.0,1
1718,09:30:01,3242.0,1
1719,09:30:01,3242.0,80
1720,09:30:01,3242.0,3
1721,09:30:01,3242.0,2
1722,09:30:01,3242.0,1
1723,09:30:01,3242.0,4
1724,09:30:01,3242.0,2
1725,09:30:01,3242.0,2
1726,09:30:01,3242.0,80
1727,09:30:01,3242.0,1
1728,09:30:01,3242.0,1
1729,09:30:01,3242.0,79
1730,09:30:01,3242.0,1
1731,09:30:01,3242.0,2
1732,09:30:01,3242.0,10
1733,09:30:01,3242.0,5
1734,09:30:01,3242.0,1
1735,09:30:01,3242.0,50
1736,09:30:01,3242.0,2
1737,09:30:01,3242.0,4
1738,09:30:01,3242.0,1
1739,09:30:01,3242.0,80
1740,09:30:01,3242.0,50
1741,09:30:01,3242.0,1
1742,09:30:01,3242.0,6
1743,09:30:01,3242.0,1
1744,09:30:01,3242.0,80
1745,09:30:01,3242.0,1
1746,09:30:01,3242.0,2
1747,09:30:01,3242.0,10
1748,09:30:01,3242.0,1
1749,09:30:01,3242.0,2
1750,09:30:01,3242.0,5
1751,09:30:01,3242.0,3
1752,09:30:01,3242.0,6
1753,09:30:01,3242.0,1
1754,09:30:01,3242.0,1
1755,09:30:01,3242.0,12
1756,09:30:01,3242.0,1
1757,09:30:01,3242.0,1
1758,09:30:01,3242.0,2
1759,09:30:01,3242.0,1
1760,09:30:01,3242.0,2
1761,09:30:01,3242.0,1
1762,09:30:01,3242.0,2
1763,09:30:01,3242.0,30
1764,09:30:01,3242.0,1
1765,09:30:01,3242.0,80
1766,09:30:01,3242.0,80
1767,09:30:01,3242.0,184
1768,09:30:01,3242.0,80
1769,09:30:01,3242.0,1
1770,09:30:01,3242.0,2
1771,09:30:01,3242.0,1
1772,09:30:01,3242.0,5
1773,09:30:01,3242.0,1
1774,09:30:01,3242.0,1
1775,09:30:01,3242.0,2
1776,09:30:01,3242.0,80
1777,09:30:01,3242.0,1
1778,09:30:01,3242.0,80
1779,09:30:01,3242.0,1
1780,09:30:01,3242.0,3
1781,09:30:01,3242.0,3
1782,09:30:01,3242.0,80
1783,09:30:01,3242.0,80
1784,09:30:01,3242.0,200
1785,09:30:01,3242.0,1
1786,09:30:01,3242.0,80
1787,09:30:01,3242.0,2
1788,09:30:01,3242.0,9
1789,09:30:01,3242.0,79
1790,09:30:01,3242.0,40
1791,09:30:01,3242.0,40
1792,09:30:01,3242.0,3
1793,09:30:01,3242.0,40
1794,09:30:01,3242.0,40
1795,09:30:01,3242.0,40
1796,09:30:01,3242.0,40
1797,09:30:01,3242.0,40
1798,09:30:01,3242.0,40
1799,09:30:01,3242.0,16
1800,09:30:01,3242.0,5
1801,09:30:01,3242.0,5
1802,09:30:01,3242.0,2
1803,09:30:01,3242.0,11
1804,09:30:01,3242.0,3
1805,09:30:01,3242.0,1
1806,09:30:01,3242.0,1
1807,09:30:01,3242.0,10
1808,09:30:01,3242.0,30
1809,09:30:01,3242.0,1
1810,09:30:01,3242.0,1
1811,09:30:01,3242.0,5
1812,09:30:01,3242.0,100
1813,09:30:01,3242.0,2
1814,09:30:01,3242.0,10
1815,09:30:01,3242.0,24
1816,09:30:01,3242.0,15
1817,09:30:01,3242.0,1
1818,09:30:01,3242.0,1
1819,09:30:01,3242.0,1
1820,09:30:01,3242.0,1
1821,09:30:01,3242.0,20
1822,09:30:01,3242.0,20
1823,09:30:01,3242.0,10
1824,09:30:01,3242.0,10
1825,09:30:01,3242.0,10
1826,09:30:01,3242.0,10
1827,09:30:01,3242.0,10
1828,09:30:01,3242.0,10
1829,09:30:01,3242.0,10
1830,09:30:01,3242.0,1
1831,09:30:01,3242.0,25
1832,09:30:01,3242.0,6
1833,09:30:01,3242.0,1
1834,09:30:01,3242.0,2
1835,09:30:01,3242.0,7
1836,09:30:01,3242.0,15
1837,09:30:00,3242.0,62
1838,09:30:00,3242.0,18
1839,10:29:54,3235.11,100
1840,10:29:48,3235.5563,100
1841,10:29:42,3235.155,100
1842,10:29:31,3235.0,711
1843,10:29:31,3235.0,100
1844,10:29:26,3235.0,575
1845,10:29:26,3235.245,100
1846,10:29:20,3235.89,100
1847,10:29:12,3236.14,100
1848,10:28:46,3236.25,122
1849,10:28:35,3236.8,100
1850,10:28:35,3236.76,100
1851,10:28:31,3237.35,100
1852,10:28:30,3237.17,100
1853,10:28:30,3237.17,100
1854,10:28:30,3237.17,100
1855,10:28:25,3236.735,100
1856,10:28:09,3236.8182,200
1857,10:28:01,3236.055,300
1858,10:27:46,3236.88,155
1859,10:27:46,3236.49,100
1860,10:27:46,3236.86,100
1861,10:27:46,3236.13,100
1862,10:27:32,3236.34,100
1863,10:27:15,3236.75,324
1864,10:27:15,3236.75,100
1865,10:27:15,3236.75,372
1866,10:27:07,3236.59,300
1867,10:27:07,3236.39,100
1868,10:27:07,3236.58,300
1869,10:27:07,3236.552,100
1870,10:27:07,3236.75,100
1871,10:27:07,3236.75,100
1872,10:26:53,3237.25,700
1873,10:26:51,3237.41,167
1874,10:26:49,3237.31,100
1875,10:26:38,3237.0439,100
1876,10:26:38,3236.35,100
1877,10:26:14,3236.655,100
1878,10:26:13,3236.6693,100
1879,10:26:10,3237.31,100
1880,10:25:44,3237.65,100
1881,10:25:38,3237.0,100
1882,10:25:28,3237.505,100
1883,10:25:17,3236.82,100
1884,10:25:17,3236.67,100
1885,10:25:16,3236.78,100
1886,10:25:12,3237.01,100
1887,10:25:12,3237.0,100
1888,10:25:07,3238.13,100
1889,10:25:00,3238.28,200
1890,10:24:58,3238.04,100
1891,10:24:53,3238.595,100
1892,10:24:45,3238.985,200
1893,10:24:24,3238.78,100
1894,10:24:17,3238.78,100
1895,10:24:17,3238.92,100
1896,10:24:17,3238.89,103
1897,10:24:05,3240.1,100
1898,10:24:05,3240.1,100
1899,10:24:05,3240.1,100
1900,10:24:05,3240.1,100
1901,10:23:25,3238.915,100
1902,10:23:25,3238.07,100
1903,10:23:25,3238.27,100
1904,10:23:25,3238.42,100
1905,10:23:25,3238.71,100
1906,10:23:24,3237.405,100
1907,10:23:23,3238.44,100
1908,10:23:23,3238.22,100
1909,10:22:56,3238.875,100
1910,10:22:09,3238.0,185
1911,10:21:56,3238.18,100
1912,10:21:53,3238.48,100
1913,10:21:51,3238.35,100
1914,10:21:51,3238.02,100
1915,10:21:51,3238.0005,100
1916,10:21:51,3238.03,100
1917,10:21:51,3238.13,100
1918,10:21:51,3238.0038,100
1919,10:21:51,3238.25,300
1920,10:21:51,3238.22,100
1921,10:21:36,3239.16,100
1922,10:21:30,3238.39,100
1923,10:21:30,3237.48,100
1924,10:21:28,3237.5,100
1925,10:21:24,3238.0175,100
1926,10:21:07,3237.6806,500
1927,10:20:39,3238.62,100
1928,10:20:39,3238.96,100
1929,10:20:39,3238.8,100
1930,10:20:23,3239.21,100
1931,10:20:16,3239.77,100
1932,10:19:34,3240.66,139
1933,10:19:30,3241.15,118
1934,10:19:29,3240.82,100
1935,10:19:29,3240.82,100
1936,10:19:29,3240.82,100
1937,10:19:24,3241.295,200
1938,10:19:07,3241.57,100
1939,10:19:03,3241.28,100
1940,10:19:02,3241.0,100
1941,10:19:02,3241.335,100
1942,10:18:38,3240.39,100
1943,10:18:31,3240.85,100
1944,10:18:22,3241.0,100
1945,10:18:11,3241.0,100
1946,10:18:11,3240.735,100
1947,10:18:11,3241.69,400
1948,10:18:06,3241.09,139
1949,10:17:59,3240.885,100
1950,10:17:58,3240.18,100
1951,10:17:58,3240.17,130
1952,10:17:40,3241.0,287
1953,10:17:40,3240.73,300
1954,10:17:40,3241.0,100
1955,10:17:40,3241.0,224
1956,10:17:40,3241.0,550
1957,10:17:40,3241.0,100
1958,10:17:39,3240.54,100
1959,10:17:38,3240.38,100
1960,10:17:38,3240.4,100
1961,10:17:37,3240.4,150
1962,10:17:37,3240.37,100
1963,10:17:37,3240.4,104
1964,10:17:36,3240.31,100
1965,10:17:36,3240.37,300
1966,10:17:36,3240.16,100
1967,10:17:33,3240.1689,100
1968,10:17:26,3240.39,135
1969,10:17:26,3240.38,100
1970,10:17:25,3240.39,100
1971,10:17:25,3240.28,100
1972,10:17:25,3240.15,100
1973,10:17:25,3240.15,100
1974,10:17:25,3240.1,100
1975,10:17:25,3240.15,100
1976,10:17:25,3240.15,100
1977,10:17:18,3239.7,100
1978,10:16:51,3238.63,100
1979,10:16:39,3238.1075,100
1980,10:16:26,3237.5726,117
1981,10:16:23,3238.105,100
1982,10:16:00,3238.57,100
1983,10:15:55,3237.78,100
1984,10:15:55,3237.78,100
1985,10:15:27,3237.72,100
1986,10:15:26,3238.4,100
1987,10:15:15,3238.29,100
1988,10:15:11,3239.0,100
1989,10:14:53,3237.995,100
1990,10:14:46,3238.4,100
1991,10:14:44,3238.4,100
1992,10:14:43,3238.64,100
1993,10:14:35,3238.5,250
1994,10:14:34,3238.25,100
1995,10:14:34,3238.08,100
1996,10:14:34,3238.13,100
1997,10:14:25,3237.71,100
1998,10:14:17,3237.76,100
1999,10:13:53,3237.33,100
2000,10:13:33,3238.0101,1800
2001,10:13:33,3238.2,100
2002,10:13:33,3238.39,100
2003,10:13:16,3238.3828,109
2004,10:12:56,3238.66,100
2005,10:12:55,3238.39,100
2006,10:12:42,3237.35,100
2007,10:12:39,3237.775,155
2008,10:12:39,3237.44,100
2009,10:12:22,3239.335,100
2010,10:12:22,3239.06,100
2011,10:12:22,3238.85,100
2012,10:12:22,3239.0,600
2013,10:12:13,3238.41,100
2014,10:12:13,3238.41,100
2015,10:12:13,3238.73,100
2016,10:12:12,3238.45,100
2017,10:12:10,3238.305,100
2018,10:11:52,3238.61,100
2019,10:11:52,3238.61,100
2020,10:11:48,3237.735,100
2021,10:11:19,3238.28,100
2022,10:11:19,3238.06,100
2023,10:11:14,3239.14,100
2024,10:11:11,3239.04,100
2025,10:11:03,3238.73,100
2026,10:11:03,3238.74,100
2027,10:10:53,3237.88,100
2028,10:10:53,3237.88,100
2029,10:10:41,3238.48,100
2030,10:10:26,3237.95,100
2031,10:10:06,3237.61,100
2032,10:10:02,3237.35,100
2033,10:09:59,3237.23,100
2034,10:09:52,3238.26,100
2035,10:09:52,3238.26,100
2036,10:09:44,3237.21,100
2037,10:09:39,3237.5,100
2038,10:09:28,3238.45,100
2039,10:09:26,3238.8556,100
2040,10:09:20,3238.86,100
2041,10:09:20,3238.86,100
2042,10:09:08,3238.85,100
2043,10:09:04,3239.35,100
2044,10:08:51,3238.74,100
2045,10:08:51,3238.74,100
2046,10:08:41,3238.57,200
2047,10:08:40,3239.0,100
2048,10:08:40,3239.0,600
2049,10:08:40,3239.0,234
2050,10:08:39,3239.665,100
2051,10:08:38,3239.98,100
2052,10:08:37,3239.98,100
2053,10:08:37,3239.39,100
2054,10:08:37,3239.5,100
2055,10:08:34,3239.03,100
2056,10:08:23,3238.07,100
2057,10:08:23,3238.08,100
2058,10:08:23,3238.01,100
2059,10:08:23,3238.06,100
2060,10:08:23,3237.107,100
2061,10:08:19,3238.02,100
2062,10:08:10,3237.69,100
2063,10:07:57,3238.59,100
2064,10:07:57,3238.06,100
2065,10:07:57,3238.59,100
2066,10:07:46,3237.603,100
2067,10:07:46,3237.4,100
2068,10:07:46,3237.55,100
2069,10:07:46,3237.38,100
2070,10:07:46,3237.92,100
2071,10:07:46,3237.4,100
2072,10:07:46,3237.4,100
2073,10:07:46,3237.3835,100
2074,10:07:46,3237.72,100
2075,10:07:18,3238.61,100
2076,10:07:12,3239.18,100
2077,10:07:08,3238.51,100
2078,10:07:00,3239.8468,1000
2079,10:06:58,3239.0,100
2080,10:06:57,3240.22,100
2081,10:06:57,3239.74,100
2082,10:06:54,3239.63,100
2083,10:06:54,3239.19,100
2084,10:06:54,3238.9,100
2085,10:06:53,3238.4325,100
2086,10:06:49,3239.04,100
2087,10:06:46,3239.02,100
2088,10:06:45,3239.84,100
2089,10:06:45,3239.42,100
2090,10:06:45,3239.4,100
2091,10:06:43,3238.14,114
2092,10:06:27,3240.13,100
2093,10:06:27,3239.56,111
2094,10:06:26,3240.175,100
2095,10:06:26,3239.1,143
2096,10:05:59,3235.915,100
2097,10:05:59,3236.4,100
2098,10:05:59,3235.98,100
2099,10:05:54,3236.055,100
2100,10:05:52,3235.875,100
2101,10:05:47,3236.96,133
2102,10:05:39,3236.69,100
2103,10:05:38,3235.595,100
2104,10:05:25,3236.21,100
2105,10:05:16,3235.64,100
2106,10:05:07,3234.833,500
2107,10:05:03,3236.0,261
2108,10:05:03,3236.0,103
2109,10:05:00,3236.49,100
2110,10:05:00,3236.27,100
2111,10:04:43,3236.39,100
2112,10:04:42,3236.0,584
2113,10:04:41,3236.37,100
2114,10:04:41,3236.32,100
2115,10:04:41,3236.16,100
2116,10:04:31,3235.35,100
2117,10:04:26,3234.0,204
2118,10:04:25,3234.3,100
2119,10:04:25,3234.33,100
2120,10:04:21,3234.72,100
2121,10:04:20,3234.725,100
2122,10:04:20,3234.0,146
2123,10:04:20,3234.92,100
2124,10:04:20,3234.915,100
2125,10:04:19,3235.5,100
2126,10:04:07,3235.33,100
2127,10:04:02,3236.3,100
2128,10:04:01,3235.95,100
2129,10:03:57,3236.56,100
2130,10:03:57,3236.61,100
2131,10:03:57,3235.3538,130
2132,10:03:52,3236.71,100
2133,10:03:37,3234.92,100
2134,10:03:26,3235.47,100
2135,10:03:20,3235.515,100
2136,10:03:19,3234.77,104
2137,10:03:14,3235.01,100
2138,10:03:07,3235.515,100
2139,10:02:56,3234.19,100
2140,10:02:48,3233.42,100
2141,10:02:45,3233.8,100
2142,10:02:40,3233.59,100
2143,10:02:40,3233.68,100
2144,10:02:38,3233.0,100
2145,10:02:38,3233.11,100
2146,10:02:37,3233.15,100
2147,10:02:34,3233.1101,309
2148,10:02:34,3233.2,100
2149,10:02:31,3233.69,100
2150,10:02:31,3234.04,130
2151,10:02:24,3234.13,250
2152,10:02:22,3234.95,100
2153,10:02:16,3234.12,100
2154,10:02:13,3235.58,100
2155,10:02:12,3235.44,100
2156,10:02:11,3235.61,100
2157,10:02:08,3236.17,100
2158,10:02:08,3235.81,100
2159,10:02:07,3235.81,100
2160,10:01:56,3236.11,100
2161,10:01:55,3236.065,100
2162,10:01:46,3236.79,100
2163,10:01:43,3238.51,141
2164,10:01:40,3236.66,100
2165,10:01:39,3237.214,100
2166,10:01:39,3237.0,100
2167,10:01:39,3237.0035,100
2168,10:01:39,3237.03,100
2169,10:01:39,3237.0,100
2170,10:01:39,3237.07,100
2171,10:01:34,3238.27,100
2172,10:01:32,3238.0,100
2173,10:01:31,3238.25,100
2174,10:01:31,3237.48,100
2175,10:01:21,3238.775,100
2176,10:01:21,3238.62,100
2177,10:01:14,3238.5,100
2178,10:01:08,3239.4,100
2179,10:00:55,3239.4,100
2180,10:00:55,3239.22,100
2181,10:00:55,3239.18,100
2182,10:00:55,3239.125,100
2183,10:00:54,3239.1025,100
2184,10:00:48,3239.9,100
2185,10:00:47,3240.0,100
2186,10:00:47,3239.6,200
2187,10:00:30,3240.365,100
2188,10:00:30,3240.365,100
2189,10:00:30,3239.77,100
2190,10:00:30,3240.36,100
2191,10:00:30,3239.19,100
2192,10:00:30,3240.0,100
2193,10:00:30,3239.77,100
2194,10:00:30,3240.365,100
2195,10:00:28,3240.01,100
2196,10:00:24,3240.87,100
2197,10:00:24,3240.76,103
2198,10:00:24,3240.74,100
2199,10:00:24,3240.56,100
2200,10:00:20,3239.77,300
2201,10:00:11,3240.005,100
2202,10:00:11,3240.0,100
2203,10:00:11,3239.505,1200
2204,10:00:04,3240.12,100
2205,10:59:05,3241.28,100
2206,10:59:00,3240.42,100
2207,10:58:59,3240.675,200
2208,10:58:33,3241.42,100
2209,10:58:26,3241.74,100
2210,10:58:19,3241.405,100
2211,10:58:02,3241.74,100
2212,10:57:41,3242.87,100
2213,10:57:41,3242.73,100
2214,10:57:39,3242.53,100
2215,10:57:39,3242.52,100
2216,10:57:39,3242.67,100
2217,10:57:39,3242.66,100
2218,10:57:30,3243.02,100
2219,10:56:48,3244.04,100
2220,10:56:43,3244.04,100
2221,10:56:39,3243.68,100
2222,10:56:39,3243.68,100
2223,10:56:02,3243.9,100
2224,10:56:02,3243.92,100
2225,10:56:00,3243.06,100
2226,10:55:52,3243.42,100
2227,10:55:32,3244.7,200
2228,10:55:32,3244.67,100
2229,10:55:18,3244.4732,100
2230,10:55:06,3244.42,100
2231,10:54:59,3243.6,100
2232,10:54:50,3243.01,100
2233,10:54:46,3243.335,100
2234,10:54:34,3243.27,238
2235,10:54:34,3243.27,120
2236,10:54:34,3243.27,135
2237,10:54:34,3243.5,100
2238,10:54:34,3243.33,100
2239,10:54:34,3243.27,150
2240,10:54:30,3243.6833,100
2241,10:54:24,3243.57,100
2242,10:54:24,3243.685,100
2243,10:54:10,3244.185,100
2244,10:54:10,3244.185,200
2245,10:53:38,3244.2,300
2246,10:53:35,3244.44,191
2247,10:53:31,3243.5,100
2248,10:53:28,3243.29,100
2249,10:53:21,3243.6618,100
2250,10:53:19,3243.16,100
2251,10:53:08,3242.97,100
2252,10:53:08,3243.0,130
2253,10:53:08,3242.7275,100
2254,10:53:08,3242.92,100
2255,10:52:44,3242.0835,1000
2256,10:52:08,3241.57,100
2257,10:51:33,3241.15,100
2258,10:51:32,3241.51,353
2259,10:51:32,3241.48,100
2260,10:51:32,3241.99,185
2261,10:51:32,3241.485,200
2262,10:51:32,3241.5,100
2263,10:51:32,3241.43,100
2264,10:51:32,3241.5,300
2265,10:51:32,3241.65,100
2266,10:51:32,3241.26,100
2267,10:51:32,3241.19,100
2268,10:51:14,3240.33,100
2269,10:51:14,3240.4,100
2270,10:51:14,3240.33,100
2271,10:51:13,3240.33,100
2272,10:51:13,3240.33,100
2273,10:51:12,3240.165,200
2274,10:50:55,3240.09,100
2275,10:50:55,3240.43,100
2276,10:50:47,3240.28,100
2277,10:50:27,3240.18,100
2278,10:50:12,3240.345,100
2279,10:49:54,3240.26,100
2280,10:49:43,3239.38,100
2281,10:49:30,3238.78,100
2282,10:49:30,3238.78,100
2283,10:49:17,3239.33,100
2284,10:49:17,3239.36,100
2285,10:49:17,3239.39,100
2286,10:49:17,3239.39,100
2287,10:49:17,3239.34,100
2288,10:49:17,3239.13,100
2289,10:49:17,3239.13,100
2290,10:49:17,3238.92,100
2291,10:49:17,3238.92,100
2292,10:49:17,3238.42,100
2293,10:47:51,3239.05,200
2294,10:47:28,3238.98,100
2295,10:47:28,3238.98,100
2296,10:47:23,3238.67,100
2297,10:47:23,3239.0,100
2298,10:47:23,3239.0,100
2299,10:47:23,3239.465,100
2300,10:47:22,3239.02,100
2301,10:47:22,3239.02,100
2302,10:47:22,3239.062,100
2303,10:47:22,3239.0,100
2304,10:47:22,3239.0,100
2305,10:47:22,3239.0,100
2306,10:47:22,3239.24,100
2307,10:47:22,3239.02,100
2308,10:46:33,3239.402,242
2309,10:46:18,3239.21,100
2310,10:46:12,3239.29,100
2311,10:45:38,3239.1,100
2312,10:45:34,3239.15,100
2313,10:45:30,3239.14,100
2314,10:45:25,3239.15,100
2315,10:45:25,3238.48,100
2316,10:45:06,3239.25,100
2317,10:45:06,3239.25,100
2318,10:45:06,3239.25,100
2319,10:43:24,3240.57,100
2320,10:42:59,3240.27,100
2321,10:42:59,3240.13,100
2322,10:42:52,3240.28,100
2323,10:42:35,3240.89,100
2324,10:42:12,3241.24,100
2325,10:42:00,3240.79,100
2326,10:41:27,3241.0,100
2327,10:41:27,3241.0,377
2328,10:41:27,3241.0,180
2329,10:41:27,3241.5,100
2330,10:41:27,3241.4,100
2331,10:41:27,3241.4,100
2332,10:41:26,3240.94,100
2333,10:41:26,3240.97,100
2334,10:40:57,3240.14,100
2335,10:40:51,3239.9827,100
2336,10:40:43,3240.0,174
2337,10:40:43,3240.0,100
2338,10:40:41,3240.4274,144
2339,10:40:31,3239.91,100
2340,10:40:30,3239.54,100
2341,10:40:21,3239.03,100
2342,10:40:21,3239.04,100
2343,10:40:21,3239.01,100
2344,10:40:21,3239.0,100
2345,10:40:21,3239.0035,100
2346,10:40:21,3239.04,100
2347,10:40:21,3239.17,100
2348,10:40:07,3239.375,100
2349,10:40:04,3239.38,100
2350,10:39:30,3240.02,100
2351,10:39:30,3240.01,100
2352,10:39:15,3240.32,100
2353,10:39:15,3240.34,100
2354,10:39:03,3240.56,100
2355,10:39:00,3240.13,100
2356,10:39:00,3239.655,100
2357,10:39:00,3240.0,110
2358,10:38:53,3239.57,300
2359,10:38:49,3239.9999,100
2360,10:38:42,3240.16,100
2361,10:38:42,3240.02,100
2362,10:38:41,3239.98,100
2363,10:38:34,3240.082,404
2364,10:38:33,3240.05,100
2365,10:38:17,3240.94,100
2366,10:38:07,3240.92,100
2367,10:38:07,3240.94,100
2368,10:37:51,3240.16,100
2369,10:37:51,3240.16,100
2370,10:37:49,3240.16,100
2371,10:37:49,3240.13,100
2372,10:37:48,3240.25,100
2373,10:37:26,3241.02,100
2374,10:36:53,3240.6,100
2375,10:36:47,3241.0,846
2376,10:36:47,3240.99,100
2377,10:36:46,3240.66,100
2378,10:36:46,3240.67,100
2379,10:36:46,3240.67,100
2380,10:36:44,3240.39,100
2381,10:35:58,3239.995,100
2382,10:35:57,3240.43,100
2383,10:35:57,3240.635,100
2384,10:35:56,3240.4,100
2385,10:35:55,3240.255,100
2386,10:35:55,3240.0,511
2387,10:35:55,3240.0,100
2388,10:35:55,3239.95,100
2389,10:35:54,3239.3,100
2390,10:35:32,3239.56,249
2391,10:35:01,3239.042,100
2392,10:35:00,3238.99,100
2393,10:34:42,3238.9007,175
2394,10:34:21,3238.92,100
2395,10:34:16,3238.99,100
2396,10:34:16,3238.99,100
2397,10:34:16,3239.07,100
2398,10:34:16,3239.07,193
2399,10:34:15,3239.06,100
2400,10:34:12,3238.0501,110
2401,10:34:02,3238.75,100
2402,10:34:00,3238.825,100
2403,10:33:40,3238.37,100
2404,10:33:23,3237.82,100
2405,10:33:23,3237.79,100
2406,10:33:23,3237.85,100
2407,10:33:23,3237.85,100
2408,10:33:23,3238.0,300
2409,10:33:23,3238.0,100
2410,10:32:42,3237.99,100
2411,10:32:36,3239.13,300
2412,10:32:29,3238.995,100
2413,10:32:20,3238.97,100
2414,10:32:20,3239.0,300
2415,10:32:20,3238.81,100
2416,10:32:20,3238.95,100
2417,10:32:20,3238.97,100
2418,10:32:20,3238.97,100
2419,10:32:20,3238.86,100
2420,10:32:18,3238.9904,100
2421,10:32:08,3238.0271,700
2422,10:31:43,3237.8,100
2423,10:31:43,3237.52,100
2424,10:31:43,3237.43,100
2425,10:31:43,3237.55,100
2426,10:31:43,3237.34,100
2427,10:30:59,3237.0,100
2428,10:30:35,3236.68,100
2429,10:30:08,3235.75,100
2430,10:30:08,3235.75,100
2431,10:30:08,3235.75,100
2432,10:30:08,3235.75,100
2433,11:29:57,3240.15,100
2434,11:29:53,3240.66,100
2435,11:29:53,3240.61,100
2436,11:29:33,3239.37,100
2437,11:28:49,3240.0,100
2438,11:28:38,3240.05,100
2439,11:28:38,3240.05,100
2440,11:28:07,3240.02,100
2441,11:27:46,3240.27,100
2442,11:27:38,3240.09,100
2443,11:27:38,3240.12,100
2444,11:27:30,3239.4,100
2445,11:26:59,3238.885,100
2446,11:26:59,3239.11,100
2447,11:26:59,3239.34,200
2448,11:26:55,3239.58,100
2449,11:26:45,3239.84,100
2450,11:26:45,3239.8916,263
2451,11:26:17,3239.93,100
2452,11:26:10,3239.87,100
2453,11:26:08,3239.6,100
2454,11:25:49,3239.64,100
2455,11:25:36,3239.94,100
2456,11:25:20,3239.58,100
2457,11:25:20,3239.63,100
2458,11:24:41,3239.43,100
2459,11:24:37,3239.5,100
2460,11:24:37,3239.65,100
2461,11:24:37,3239.5,100
2462,11:24:21,3239.46,100
2463,11:24:09,3239.18,100
2464,11:24:09,3239.11,100
2465,11:24:09,3239.34,100
2466,11:24:09,3239.18,100
2467,11:24:00,3239.0,100
2468,11:23:59,3239.63,100
2469,11:23:59,3239.6,100
2470,11:23:59,3239.54,100
2471,11:23:59,3239.66,100
2472,11:23:59,3239.63,100
2473,11:23:58,3239.9,100
2474,11:23:56,3240.0,100
2475,11:23:48,3240.145,100
2476,11:23:48,3240.34,100
2477,11:23:47,3239.93,100
2478,11:23:36,3239.8,100
2479,11:23:23,3239.32,100
2480,11:23:15,3240.5,100
2481,11:22:44,3241.22,100
2482,11:22:31,3240.53,100
2483,11:22:28,3241.24,100
2484,11:22:17,3240.92,100
2485,11:22:17,3240.93,100
2486,11:22:12,3241.05,100
2487,11:22:06,3241.17,100
2488,11:21:52,3242.6137,210
2489,11:21:50,3242.2,100
2490,11:21:33,3242.05,100
2491,11:21:33,3242.12,100
2492,11:21:26,3242.08,100
2493,11:21:26,3241.82,100
2494,11:21:21,3241.37,100
2495,11:20:46,3241.0,100
2496,11:20:46,3241.03,111
2497,11:20:46,3241.03,112
2498,11:20:46,3241.0,108
2499,11:20:46,3241.61,100
2500,11:20:06,3242.57,100
2501,11:19:47,3241.81,100
2502,11:19:47,3242.5,800
2503,11:19:44,3242.58,100
2504,11:18:40,3242.9899,100
2505,11:18:35,3243.28,100
2506,11:18:26,3242.345,100
2507,11:18:21,3241.945,100
2508,11:18:21,3242.73,100
2509,11:18:21,3242.58,100
2510,11:18:21,3242.74,100
2511,11:18:11,3242.4,100
2512,11:17:46,3241.6875,100
2513,11:17:38,3241.74,100
2514,11:17:05,3241.69,100
2515,11:17:05,3241.2,100
2516,11:17:05,3241.54,100
2517,11:16:58,3241.24,100
2518,11:16:58,3241.5,100
2519,11:16:54,3241.5,100
2520,11:16:12,3242.425,100
2521,11:16:12,3242.2,100
2522,11:15:54,3242.188,135
2523,11:15:45,3242.06,100
2524,11:15:27,3241.73,100
2525,11:15:20,3241.52,100
2526,11:15:20,3241.61,100
2527,11:15:09,3241.65,100
2528,11:15:09,3241.27,100
2529,11:15:01,3240.79,100
2530,11:15:01,3240.79,100
2531,11:15:01,3240.85,100
2532,11:15:01,3241.0268,220
2533,11:14:25,3241.27,100
2534,11:14:25,3241.195,100
2535,11:14:20,3241.3,100
2536,11:12:38,3241.87,100
2537,11:12:38,3241.6,100
2538,11:12:38,3241.62,100
2539,11:12:23,3241.09,100
2540,11:12:16,3242.03,100
2541,11:12:08,3241.86,100
2542,11:12:04,3241.79,100
2543,11:11:22,3242.65,100
2544,11:11:17,3242.89,273
2545,11:10:52,3242.68,100
2546,11:10:42,3242.87,100
2547,11:10:37,3242.84,100
2548,11:09:45,3242.61,100
2549,11:09:34,3241.44,100
2550,11:09:15,3241.79,100
2551,11:09:15,3241.27,100
2552,11:08:56,3240.48,100
2553,11:08:51,3240.7,100
2554,11:08:24,3241.265,100
2555,11:08:06,3240.85,100
2556,11:08:01,3240.94,100
2557,11:08:01,3240.94,100
2558,11:08:01,3240.94,100
2559,11:07:26,3241.44,100
2560,11:07:12,3241.16,100
2561,11:06:57,3241.15,100
2562,11:06:56,3240.69,100
2563,11:06:49,3240.6,100
2564,11:06:49,3240.55,100
2565,11:06:35,3240.0,100
2566,11:06:35,3240.35,100
2567,11:06:12,3241.8885,100
2568,11:06:12,3241.97,100
2569,11:06:12,3242.14,100
2570,11:06:12,3241.97,100
2571,11:06:12,3241.665,100
2572,11:06:12,3242.29,100
2573,11:06:12,3241.94,100
2574,11:06:12,3242.04,200
2575,11:05:54,3242.0099,104
2576,11:05:25,3241.0,491
2577,11:05:25,3241.07,100
2578,11:05:25,3241.21,100
2579,11:05:16,3241.675,100
2580,11:05:00,3241.81,100
2581,11:05:00,3241.85,100
2582,11:05:00,3241.9,100
2583,11:04:40,3241.2,217
2584,11:04:40,3241.2,100
2585,11:04:40,3241.4,100
2586,11:04:40,3241.3,100
2587,11:04:40,3241.25,100
2588,11:04:40,3241.2,100
2589,11:04:40,3241.2,100
2590,11:04:37,3241.51,100
2591,11:04:31,3241.44,100
2592,11:03:59,3241.39,100
2593,11:03:49,3241.79,100
2594,11:03:40,3242.06,100
2595,11:03:40,3242.06,100
2596,11:03:40,3242.06,100
2597,11:03:40,3241.87,100
2598,11:03:37,3240.48,100
2599,11:03:32,3242.0,213
2600,11:03:31,3242.0,100
2601,11:03:28,3242.13,100
2602,11:03:12,3244.0,179
2603,11:03:12,3244.0,360
2604,11:03:02,3244.12,100
2605,11:02:54,3243.01,100
2606,11:02:37,3244.4841,200
2607,11:02:21,3244.49,100
2608,11:02:13,3244.09,100
2609,11:01:59,3243.58,100
2610,11:01:57,3244.0,115
2611,11:01:57,3244.0,100
2612,11:01:57,3244.0,536
2613,11:01:57,3244.0,230
2614,11:01:49,3244.2,100
2615,11:01:42,3244.0,100
2616,11:01:42,3244.0,100
2617,11:01:41,3244.25,100
2618,11:01:41,3244.0,100
2619,11:01:41,3244.0,100
2620,11:01:41,3244.0,182
2621,11:01:27,3243.51,100
2622,11:01:27,3243.52,100
2623,11:01:27,3243.53,100
2624,11:01:19,3242.99,100
2625,11:01:12,3243.0,310
2626,11:00:28,3242.28,100
2627,11:00:28,3242.28,100
2628,11:59:47,3244.57,100
2629,11:59:46,3244.57,100
2630,11:59:46,3244.57,100
2631,11:59:45,3244.57,100
2632,11:59:27,3244.36,100
2633,11:59:27,3244.38,100
2634,11:59:27,3244.362,100
2635,11:59:27,3243.9471,216
2636,11:59:27,3244.4,100
2637,11:59:13,3244.98,100
2638,11:59:13,3244.97,100
2639,11:59:13,3245.0,100
2640,11:59:12,3244.3158,175
2641,11:59:04,3244.08,100
2642,11:59:04,3244.07,100
2643,11:58:23,3244.14,100
2644,11:58:20,3243.825,550
2645,11:58:13,3244.05,100
2646,11:58:00,3243.59,100
2647,11:57:58,3244.18,100
2648,11:57:58,3244.18,100
2649,11:57:55,3243.6,100
2650,11:57:52,3244.13,100
2651,11:57:52,3243.89,100
2652,11:57:41,3243.79,100
2653,11:57:17,3243.78,100
2654,11:57:17,3243.82,100
2655,11:57:07,3243.22,100
2656,11:57:04,3243.26,100
2657,11:57:04,3243.25,100
2658,11:56:51,3243.24,100
2659,11:56:50,3243.51,100
2660,11:56:45,3243.46,100
2661,11:56:32,3243.0,1198
2662,11:56:32,3243.01,100
2663,11:56:32,3243.0,117
2664,11:56:32,3243.0,100
2665,11:56:32,3242.9,100
2666,11:56:26,3242.9,100
2667,11:56:26,3243.02,177
2668,11:56:16,3243.27,100
2669,11:56:16,3243.29,100
2670,11:56:04,3243.215,100
2671,11:55:51,3243.0109,100
2672,11:55:25,3243.48,100
2673,11:55:12,3243.21,100
2674,11:55:03,3243.45,100
2675,11:55:03,3243.23,100
2676,11:54:05,3243.37,100
2677,11:54:01,3242.95,100
2678,11:53:49,3242.59,100
2679,11:53:00,3242.87,100
2680,11:52:14,3243.3953,200
2681,11:52:08,3243.67,100
2682,11:52:07,3244.12,100
2683,11:52:07,3244.13,100
2684,11:52:07,3244.13,100
2685,11:52:05,3243.98,100
2686,11:51:55,3243.43,100
2687,11:51:25,3243.28,200
2688,11:51:16,3243.27,100
2689,11:51:00,3242.96,100
2690,11:50:28,3242.395,100
2691,11:50:02,3243.15,100
2692,11:49:38,3243.44,181
2693,11:49:11,3243.0,100
2694,11:49:07,3242.99,100
2695,11:48:54,3242.79,100
2696,11:48:34,3242.63,100
2697,11:48:14,3243.07,100
2698,11:47:54,3243.66,100
2699,11:47:37,3243.66,100
2700,11:47:37,3243.61,100
2701,11:47:37,3243.85,100
2702,11:47:37,3243.58,100
2703,11:47:27,3244.08,100
2704,11:47:27,3243.83,100
2705,11:46:55,3243.6,100
2706,11:46:49,3243.06,100
2707,11:46:45,3243.37,100
2708,11:46:29,3243.06,100
2709,11:46:11,3242.59,100
2710,11:45:30,3242.25,272
2711,11:45:30,3242.34,100
2712,11:45:29,3242.67,100
2713,11:45:10,3242.16,2100
2714,11:45:02,3242.73,100
2715,11:45:02,3242.79,100
2716,11:45:02,3242.8,100
2717,11:44:37,3242.9443,1000
2718,11:44:18,3242.05,100
2719,11:44:18,3242.05,100
2720,11:44:05,3241.615,100
2721,11:44:05,3241.615,100
2722,11:43:55,3242.17,110
2723,11:43:25,3242.7,100
2724,11:43:12,3242.705,400
2725,11:42:40,3243.09,100
2726,11:42:27,3243.0679,933
2727,11:42:08,3243.59,100
2728,11:41:42,3243.33,100
2729,11:41:41,3243.635,100
2730,11:41:24,3243.37,100
2731,11:41:03,3244.0,619
2732,11:41:02,3243.09,100
2733,11:40:56,3242.74,100
2734,11:40:31,3242.91,100
2735,11:40:09,3243.13,100
2736,11:39:43,3243.0,177
2737,11:39:43,3243.04,100
2738,11:39:31,3243.33,200
2739,11:39:31,3242.99,100
2740,11:38:39,3243.53,100
2741,11:38:39,3243.47,100
2742,11:38:26,3242.99,100
2743,11:38:26,3243.0,150
2744,11:38:25,3243.34,100
2745,11:38:25,3243.34,100
2746,11:38:23,3243.33,100
2747,11:38:16,3243.36,100
2748,11:37:23,3243.07,100
2749,11:37:08,3242.88,100
2750,11:37:01,3242.44,100
2751,11:36:47,3242.21,100
2752,11:36:47,3242.32,100
2753,11:36:47,3242.33,100
2754,11:36:47,3242.33,100
2755,11:36:46,3241.95,100
2756,11:35:36,3240.98,100
2757,11:35:34,3241.25,100
2758,11:35:22,3241.13,100
2759,11:35:22,3241.15,100
2760,11:35:22,3240.83,100
2761,11:35:14,3240.96,100
2762,11:34:53,3240.8,100
2763,11:34:53,3240.8,100
2764,11:34:53,3240.19,100
2765,11:34:53,3239.67,100
2766,11:34:53,3239.53,100
2767,11:34:53,3239.18,100
2768,11:34:35,3239.21,100
2769,11:34:32,3239.52,100
2770,11:34:16,3239.56,100
2771,11:33:41,3240.96,100
2772,11:33:31,3240.88,100
2773,11:33:23,3240.91,100
2774,11:32:28,3241.75,100
2775,11:31:46,3241.2,100
2776,11:31:46,3241.1249,2000
2777,11:31:45,3241.11,100
2778,11:31:41,3240.165,308
2779,11:31:35,3239.99,100
2780,11:31:35,3240.01,100
2781,11:31:08,3239.65,100
2782,12:29:53,3244.46,100
2783,12:29:53,3244.01,100
2784,12:29:51,3243.91,100
2785,12:29:51,3244.08,100
2786,12:29:40,3244.365,100
2787,12:29:32,3244.37,100
2788,12:29:14,3244.72,100
2789,12:28:30,3244.79,100
2790,12:28:08,3244.535,100
2791,12:27:46,3244.5,100
2792,12:27:46,3244.66,100
2793,12:27:46,3244.62,300
2794,12:27:43,3244.345,100
2795,12:27:43,3244.37,100
2796,12:27:38,3243.96,100
2797,12:27:31,3244.1942,100
2798,12:27:26,3244.295,100
2799,12:27:21,3244.11,100
2800,12:27:08,3244.565,100
2801,12:27:08,3244.915,100
2802,12:27:08,3244.6,100
2803,12:27:08,3244.915,100
2804,12:27:03,3244.6,100
2805,12:26:56,3245.04,100
2806,12:26:56,3245.04,100
2807,12:26:51,3245.04,100
2808,12:26:51,3245.0366,300
2809,12:26:26,3244.975,100
2810,12:26:25,3245.045,100
2811,12:26:25,3245.045,100
2812,12:26:24,3245.055,100
2813,12:26:24,3245.1,100
2814,12:26:24,3245.1,100
2815,12:26:23,3245.105,100
2816,12:26:22,3245.39,100
2817,12:26:22,3245.1,100
2818,12:26:22,3245.1,100
2819,12:26:22,3244.81,100
2820,12:26:17,3245.105,100
2821,12:26:12,3244.71,188
2822,12:25:56,3245.59,100
2823,12:25:56,3245.59,100
2824,12:25:56,3245.4997,535
2825,12:25:45,3245.22,100
2826,12:25:45,3244.9,100
2827,12:25:27,3244.115,100
2828,12:24:37,3244.39,100
2829,12:24:37,3244.42,100
2830,12:24:37,3244.395,100
2831,12:24:37,3244.3925,100
2832,12:24:37,3244.3,100
2833,12:24:37,3244.37,100
2834,12:24:30,3244.25,100
2835,12:24:10,3244.46,100
2836,12:23:24,3243.84,100
2837,12:22:59,3244.44,400
2838,12:22:29,3243.69,100
2839,12:21:51,3243.86,100
2840,12:20:36,3245.74,100
2841,12:20:35,3246.0,100
2842,12:20:35,3245.99,100
2843,12:20:35,3245.99,100
2844,12:20:29,3245.29,100
2845,12:20:29,3245.4,106
2846,12:20:05,3245.835,100
2847,12:19:59,3245.7606,100
2848,12:19:58,3246.075,195
2849,12:18:51,3246.14,100
2850,12:18:50,3246.21,100
2851,12:18:12,3246.4123,100
2852,12:17:20,3245.34,100
2853,12:16:28,3244.96,100
2854,12:16:22,3245.6761,165
2855,12:15:58,3245.665,100
2856,12:15:45,3245.2959,100
2857,12:15:16,3245.52,100
2858,12:15:13,3245.34,100
2859,12:15:05,3245.1041,156
2860,12:14:57,3245.52,100
2861,12:14:57,3245.38,100
2862,12:14:47,3245.085,100
2863,12:14:47,3245.22,100
2864,12:14:47,3245.04,200
2865,12:14:37,3244.69,100
2866,12:14:37,3245.05,100
2867,12:14:04,3245.4,100
2868,12:14:04,3245.65,100
2869,12:14:04,3245.65,100
2870,12:13:57,3245.21,100
2871,12:13:39,3245.5,100
2872,12:13:18,3246.59,138
2873,12:12:52,3246.04,100
2874,12:12:03,3244.67,100
2875,12:11:58,3244.54,100
2876,12:11:58,3245.02,100
2877,12:11:25,3245.52,100
2878,12:11:25,3245.355,100
2879,12:11:24,3246.12,200
2880,12:11:22,3245.35,100
2881,12:11:08,3245.25,100
2882,12:11:02,3245.43,100
2883,12:11:02,3245.565,100
2884,12:11:02,3245.7,100
2885,12:11:02,3245.73,100
2886,12:10:58,3244.84,100
2887,12:10:46,3245.21,240
2888,12:10:46,3245.1561,425
2889,12:10:37,3246.0,100
2890,12:10:37,3246.0,100
2891,12:10:37,3246.0,100
2892,12:10:02,3246.38,188
2893,12:09:51,3246.25,100
2894,12:09:49,3246.47,100
2895,12:09:49,3246.5,100
2896,12:09:49,3246.47,100
2897,12:09:45,3246.61,100
2898,12:09:41,3246.7,100
2899,12:09:35,3247.16,100
2900,12:09:08,3247.03,192
2901,12:08:05,3247.21,100
2902,12:07:43,3246.555,100
2903,12:07:43,3246.89,100
2904,12:06:43,3247.3,100
2905,12:06:34,3247.5725,100
2906,12:06:00,3247.77,100
2907,12:05:53,3247.2058,100
2908,12:05:51,3247.235,100
2909,12:05:51,3247.55,100
2910,12:05:51,3247.81,243
2911,12:05:51,3247.81,307
2912,12:05:51,3247.28,100
2913,12:05:48,3247.67,100
2914,12:05:47,3247.75,100
2915,12:05:34,3247.55,100
2916,12:05:34,3247.74,100
2917,12:05:33,3247.47,100
2918,12:05:23,3247.45,100
2919,12:05:20,3247.63,100
2920,12:05:15,3247.32,100
2921,12:05:13,3247.32,100
2922,12:05:11,3247.58,100
2923,12:05:11,3247.64,100
2924,12:05:11,3247.64,100
2925,12:05:07,3247.28,100
2926,12:05:01,3246.93,100
2927,12:05:00,3246.4,100
2928,12:04:57,3246.325,200
2929,12:04:48,3246.76,100
2930,12:04:35,3246.5,100
2931,12:04:29,3246.17,100
2932,12:04:29,3246.16,107
2933,12:04:25,3246.75,100
2934,12:04:25,3246.77,100
2935,12:04:10,3246.83,100
2936,12:03:55,3246.0,500
2937,12:03:36,3246.08,100
2938,12:03:31,3245.56,100
2939,12:03:26,3245.82,100
2940,12:03:26,3246.1737,150
2941,12:03:24,3246.1,100
2942,12:03:07,3245.16,100
2943,12:03:07,3245.16,100
2944,12:03:00,3245.27,100
2945,12:02:38,3245.165,150
2946,12:02:28,3245.0,100
2947,12:02:13,3245.59,100
2948,12:02:13,3245.6,100
2949,12:02:11,3246.09,100
2950,12:02:11,3246.0,100
2951,12:02:11,3245.92,100
2952,12:01:54,3245.6,100
2953,12:01:35,3245.66,100
2954,12:01:30,3245.98,100
2955,12:01:30,3245.75,100
2956,12:01:01,3245.12,100
2957,12:01:01,3244.9,100
2958,12:00:31,3245.02,100
2959,12:00:26,3244.71,100
2960,12:00:26,3244.54,100
2961,12:00:26,3244.55,100
2962,12:00:11,3245.1277,100
2963,12:00:03,3244.67,100
2964,12:00:03,3245.0,100
2965,12:00:03,3244.99,100
2966,12:59:39,3242.2256,200
2967,12:59:27,3241.49,100
2968,12:59:11,3240.88,100
2969,12:58:55,3241.32,100
2970,12:58:53,3241.105,153
2971,12:58:53,3241.17,100
2972,12:58:53,3241.14,100
2973,12:58:53,3240.81,100
2974,12:58:50,3240.75,100
2975,12:58:43,3240.51,100
2976,12:58:43,3240.6,100
2977,12:58:43,3240.55,100
2978,12:58:43,3240.51,100
2979,12:58:39,3240.6,185
2980,12:58:37,3241.17,100
2981,12:58:37,3241.0,100
2982,12:58:37,3241.15,100
2983,12:58:37,3241.21,100
2984,12:58:37,3241.28,100
2985,12:58:37,3241.32,100
2986,12:58:37,3241.34,119
2987,12:58:03,3241.095,100
2988,12:56:14,3241.205,100
2989,12:56:14,3241.49,100
2990,12:56:10,3240.88,100
2991,12:56:00,3241.34,100
2992,12:56:00,3241.64,100
2993,12:56:00,3241.58,100
2994,12:55:57,3241.51,100
2995,12:55:57,3241.51,100
2996,12:55:57,3241.49,100
2997,12:55:23,3241.13,100
2998,12:55:23,3241.24,100
2999,12:55:23,3241.22,100
3000,12:54:46,3241.23,100
3001,12:54:46,3241.19,100
3002,12:54:46,3241.2,100
3003,12:54:46,3241.2,100
3004,12:54:46,3241.2,100
3005,12:53:47,3240.79,100
3006,12:53:47,3240.845,100
3007,12:53:45,3241.3,100
3008,12:53:27,3241.035,100
3009,12:53:19,3241.25,100
3010,12:53:17,3240.83,100
3011,12:53:15,3241.22,100
3012,12:53:15,3241.2,100
3013,12:53:15,3241.19,100
3014,12:53:15,3241.19,100
3015,12:53:14,3241.57,100
3016,12:53:11,3241.79,100
3017,12:53:06,3241.9,100
3018,12:53:06,3242.0,100
3019,12:53:06,3242.0,180
3020,12:53:06,3242.0,243
3021,12:53:06,3242.09,100
3022,12:52:21,3242.71,100
3023,12:52:00,3242.2201,100
3024,12:51:54,3242.52,100
3025,12:51:36,3242.54,100
3026,12:50:53,3242.66,100
3027,12:50:49,3243.305,100
3028,12:50:45,3243.28,100
3029,12:50:45,3243.07,100
3030,12:50:45,3243.41,100
3031,12:50:45,3243.5,100
3032,12:50:36,3242.815,100
3033,12:50:15,3242.75,100
3034,12:50:10,3242.54,100
3035,12:49:28,3242.075,100
3036,12:49:11,3242.01,100
3037,12:49:11,3241.89,100
3038,12:48:39,3242.67,100
3039,12:48:29,3242.06,100
3040,12:48:20,3241.572,100
3041,12:48:17,3242.01,100
3042,12:48:17,3243.34,100
3043,12:48:17,3242.51,100
3044,12:48:17,3242.53,100
3045,12:48:17,3241.89,100
3046,12:48:17,3242.5,100
3047,12:48:17,3242.02,100
3048,12:48:16,3242.62,100
3049,12:48:16,3242.3,100
3050,12:48:16,3242.28,100
3051,12:48:13,3243.275,100
3052,12:47:45,3243.0916,135
3053,12:47:24,3242.68,100
3054,12:47:24,3242.78,100
3055,12:46:58,3243.8971,100
3056,12:46:49,3243.08,100
3057,12:45:50,3243.365,100
3058,12:44:48,3243.78,100
3059,12:44:30,3243.4,100
3060,12:44:27,3243.15,100
3061,12:44:27,3243.15,100
3062,12:43:56,3242.845,100
3063,12:43:56,3242.855,100
3064,12:43:50,3242.875,100
3065,12:43:09,3242.96,100
3066,12:42:58,3243.455,100
3067,12:42:56,3242.83,100
3068,12:42:27,3243.96,100
3069,12:42:24,3244.0,100
3070,12:42:24,3244.0,100
3071,12:42:24,3243.83,200
3072,12:41:50,3243.5,104
3073,12:41:31,3243.72,100
3074,12:41:18,3243.72,100
3075,12:41:05,3243.97,100
3076,12:40:36,3243.94,100
3077,12:40:28,3243.97,100
3078,12:40:28,3243.61,100
3079,12:40:00,3243.66,100
3080,12:39:52,3243.88,100
3081,12:39:18,3243.77,100
3082,12:39:18,3243.98,100
3083,12:39:18,3243.98,100
3084,12:39:18,3243.98,100
3085,12:39:15,3243.68,100
3086,12:39:15,3243.8999,600
3087,12:38:56,3243.475,232
3088,12:37:38,3243.85,100
3089,12:37:38,3243.85,100
3090,12:37:38,3243.415,200
3091,12:37:38,3243.99,100
3092,12:37:38,3243.83,100
3093,12:37:38,3243.82,100
3094,12:37:38,3243.91,100
3095,12:37:38,3242.83,223
3096,12:37:36,3243.97,100
3097,12:37:36,3243.96,100
3098,12:37:36,3243.33,100
3099,12:37:35,3243.55,100
3100,12:37:35,3243.585,100
3101,12:37:35,3243.57,100
3102,12:37:35,3243.51,100
3103,12:37:35,3243.59,100
3104,12:37:35,3243.42,100
3105,12:37:35,3243.145,100
3106,12:37:35,3243.55,100
3107,12:37:35,3243.47,100
3108,12:37:35,3243.42,100
3109,12:37:35,3243.45,100
3110,12:37:30,3243.45,100
3111,12:37:30,3243.36,100
3112,12:37:30,3243.36,100
3113,12:37:30,3243.44,100
3114,12:37:30,3243.46,100
3115,12:37:30,3243.46,400
3116,12:37:30,3243.45,100
3117,12:37:30,3243.39,100
3118,12:37:30,3243.44,100
3119,12:37:29,3242.94,300
3120,12:37:28,3243.47,100
3121,12:37:28,3243.29,100
3122,12:37:28,3243.46,100
3123,12:37:28,3243.46,100
3124,12:37:28,3242.92,100
3125,12:37:28,3243.45,100
3126,12:37:28,3243.45,100
3127,12:37:28,3243.45,100
3128,12:37:28,3243.35,100
3129,12:37:28,3243.45,100
3130,12:37:28,3243.43,100
3131,12:37:28,3243.45,100
3132,12:37:28,3243.45,100
3133,12:37:28,3242.79,100
3134,12:37:28,3242.79,100
3135,12:37:28,3242.98,100
3136,12:37:28,3243.45,305
3137,12:37:28,3243.0,100
3138,12:37:28,3243.16,100
3139,12:37:28,3243.4,100
3140,12:37:28,3243.35,100
3141,12:36:53,3242.91,139
3142,12:36:53,3242.91,122
3143,12:36:47,3243.08,261
3144,12:36:47,3243.07,100
3145,12:36:47,3242.585,250
3146,12:36:47,3242.585,100
3147,12:36:47,3242.81,100
3148,12:36:18,3242.66,100
3149,12:35:22,3242.8101,100
3150,12:35:20,3242.83,100
3151,12:34:30,3244.01,100
3152,12:34:25,3243.6,100
3153,12:34:21,3243.64,100
3154,12:34:21,3243.63,391
3155,12:34:21,3243.63,286
3156,12:34:19,3243.72,100
3157,12:34:18,3243.65,100
3158,12:34:18,3244.06,100
3159,12:34:18,3244.07,100
3160,12:34:12,3243.855,203
3161,12:34:10,3243.855,200
3162,12:34:08,3243.86,100
3163,12:34:07,3243.64,100
3164,12:34:07,3243.555,100
3165,12:34:07,3243.97,100
3166,12:33:52,3243.25,200
3167,12:33:52,3243.39,100
3168,12:33:01,3242.621,100
3169,12:33:01,3242.1,100
3170,12:33:01,3241.93,100
3171,12:33:01,3241.93,100
3172,12:33:01,3241.93,100
3173,12:33:01,3242.77,100
3174,12:33:01,3242.55,100
3175,12:33:01,3243.0,100
3176,12:33:01,3242.94,100
3177,12:33:01,3243.11,100
3178,12:32:12,3243.45,100
3179,12:32:11,3243.67,100
3180,12:32:04,3243.78,100
3181,12:32:01,3243.52,100
3182,12:30:50,3243.47,100
3183,12:30:34,3243.27,100
3184,12:30:34,3243.26,223
3185,12:30:34,3243.26,100
3186,12:30:29,3243.46,100
3187,12:30:26,3244.07,100
3188,12:30:26,3243.76,104
3189,12:30:24,3243.77,100
3190,12:30:16,3243.82,100
3191,12:30:14,3244.515,100
3192,12:30:09,3244.08,100
3193,12:30:09,3244.65,100
3194,13:29:59,3231.0,100
3195,13:29:28,3231.34,100
3196,13:29:25,3231.57,100
3197,13:29:01,3232.48,100
3198,13:29:01,3232.652,100
3199,13:29:01,3232.5147,153
3200,13:29:00,3231.834,100
3201,13:29:00,3231.8494,281
3202,13:29:00,3231.85,100
3203,13:29:00,3231.8,100
3204,13:29:00,3231.44,100
3205,13:29:00,3231.7294,114
3206,13:29:00,3231.7294,414
3207,13:28:42,3231.9279,100
3208,13:28:34,3230.7401,100
3209,13:28:20,3232.44,100
3210,13:28:11,3231.5,100
3211,13:28:06,3231.2825,100
3212,13:28:02,3231.25,100
3213,13:27:46,3231.09,100
3214,13:27:36,3231.61,100
3215,13:27:36,3231.39,100
3216,13:26:56,3232.99,100
3217,13:26:54,3232.52,100
3218,13:26:53,3232.95,100
3219,13:26:53,3232.42,100
3220,13:26:53,3232.42,100
3221,13:26:53,3232.58,100
3222,13:26:53,3232.42,100
3223,13:26:53,3232.59,195
3224,13:26:53,3232.42,195
3225,13:26:53,3232.59,200
3226,13:26:53,3232.42,200
3227,13:26:53,3232.59,200
3228,13:26:53,3232.532,200
3229,13:26:53,3232.55,100
3230,13:26:53,3232.48,100
3231,13:26:53,3232.5,100
3232,13:26:53,3232.3,100
3233,13:26:53,3232.0,100
3234,13:26:47,3231.94,110
3235,13:26:38,3231.88,100
3236,13:26:08,3231.42,100
3237,13:26:07,3231.0,111
3238,13:26:07,3231.42,100
3239,13:26:04,3231.95,110
3240,13:25:47,3232.33,100
3241,13:25:43,3231.7189,100
3242,13:25:42,3232.04,100
3243,13:25:39,3232.82,100
3244,13:25:36,3232.51,100
3245,13:25:24,3232.11,100
3246,13:25:20,3231.51,100
3247,13:25:20,3231.71,100
3248,13:25:20,3231.67,100
3249,13:24:46,3232.91,100
3250,13:24:40,3233.16,100
3251,13:24:40,3232.53,100
3252,13:24:30,3232.805,100
3253,13:24:29,3232.58,100
3254,13:24:29,3232.84,100
3255,13:24:29,3232.44,100
3256,13:24:18,3232.87,100
3257,13:24:00,3232.78,111
3258,13:24:00,3232.49,100
3259,13:23:18,3232.12,100
3260,13:23:18,3232.11,100
3261,13:23:18,3232.11,100
3262,13:22:54,3232.955,100
3263,13:22:54,3232.96,100
3264,13:22:54,3232.96,100
3265,13:22:40,3232.6508,155
3266,13:22:38,3233.0175,100
3267,13:22:37,3233.32,100
3268,13:22:31,3233.04,100
3269,13:22:26,3232.776,100
3270,13:22:09,3232.97,100
3271,13:21:58,3233.06,100
3272,13:21:58,3233.08,100
3273,13:21:56,3233.71,100
3274,13:21:51,3232.85,100
3275,13:21:51,3232.96,100
3276,13:21:31,3232.1924,150
3277,13:21:26,3232.0,273
3278,13:21:25,3232.22,300
3279,13:21:25,3232.26,100
3280,13:21:25,3232.0,100
3281,13:21:25,3232.0,100
3282,13:21:24,3232.44,100
3283,13:21:23,3232.47,100
3284,13:21:23,3232.47,200
3285,13:21:23,3232.47,100
3286,13:21:22,3232.46,100
3287,13:21:22,3232.69,100
3288,13:21:22,3232.68,300
3289,13:21:21,3233.03,100
3290,13:21:21,3233.12,100
3291,13:21:21,3233.03,100
3292,13:21:21,3233.0,100
3293,13:21:21,3233.02,100
3294,13:21:21,3233.25,100
3295,13:21:21,3233.0035,100
3296,13:21:15,3233.3101,100
3297,13:21:09,3233.1892,200
3298,13:21:05,3233.47,100
3299,13:21:04,3233.84,100
3300,13:21:03,3234.2,100
3301,13:20:57,3234.59,100
3302,13:20:57,3234.57,100
3303,13:20:49,3234.79,100
3304,13:20:24,3235.4881,100
3305,13:20:24,3234.96,100
3306,13:20:24,3235.0,100
3307,13:20:16,3235.2,100
3308,13:20:16,3235.37,100
3309,13:20:16,3235.37,100
3310,13:20:16,3235.37,100
3311,13:20:16,3235.22,100
3312,13:20:13,3235.48,100
3313,13:20:13,3236.07,100
3314,13:20:03,3236.185,200
3315,13:20:02,3236.182,500
3316,13:19:27,3236.15,100
3317,13:19:20,3236.45,220
3318,13:19:11,3236.4436,300
3319,13:19:01,3236.66,100
3320,13:19:01,3236.66,100
3321,13:18:25,3236.8,100
3322,13:18:18,3236.85,100
3323,13:18:08,3236.0,310
3324,13:18:08,3236.0,168
3325,13:17:31,3235.94,141
3326,13:17:21,3235.78,115
3327,13:17:21,3235.78,100
3328,13:17:21,3236.14,100
3329,13:17:21,3236.36,100
3330,13:17:21,3236.29,100
3331,13:17:21,3236.35,100
3332,13:17:12,3236.4,100
3333,13:17:12,3236.425,100
3334,13:16:47,3236.1,100
3335,13:16:47,3236.1,100
3336,13:16:47,3235.81,100
3337,13:16:47,3235.79,100
3338,13:16:34,3236.322,100
3339,13:16:34,3236.42,100
3340,13:16:34,3236.03,241
3341,13:16:33,3236.03,100
3342,13:16:31,3236.04,340
3343,13:16:26,3236.27,100
3344,13:16:26,3236.01,100
3345,13:16:25,3236.32,100
3346,13:16:15,3236.7,100
3347,13:16:13,3236.9117,200
3348,13:16:12,3236.56,100
3349,13:16:12,3236.23,100
3350,13:16:11,3237.0,100
3351,13:16:00,3237.77,100
3352,13:15:53,3237.775,100
3353,13:15:27,3238.2613,101
3354,13:15:27,3238.66,100
3355,13:15:00,3238.85,100
3356,13:15:00,3238.81,100
3357,13:14:46,3238.0,100
3358,13:14:24,3238.48,200
3359,13:14:06,3238.88,500
3360,13:13:43,3238.838,100
3361,13:13:21,3238.89,200
3362,13:13:21,3238.0,100
3363,13:13:21,3238.78,100
3364,13:13:21,3239.16,100
3365,13:13:19,3239.17,100
3366,13:13:17,3239.17,100
3367,13:13:17,3239.17,100
3368,13:13:09,3239.18,100
3369,13:12:59,3239.445,100
3370,13:11:56,3239.42,154
3371,13:09:55,3240.61,1066
3372,13:09:38,3240.25,100
3373,13:09:32,3239.82,100
3374,13:09:32,3239.82,100
3375,13:08:29,3239.29,100
3376,13:08:12,3239.9,100
3377,13:07:50,3239.95,100
3378,13:07:50,3240.0,111
3379,13:07:48,3239.92,100
3380,13:07:45,3239.562,443
3381,13:06:51,3239.87,100
3382,13:06:49,3239.45,100
3383,13:06:41,3239.48,100
3384,13:06:41,3239.49,100
3385,13:05:54,3239.22,100
3386,13:05:54,3239.22,100
3387,13:05:52,3239.79,245
3388,13:05:37,3239.84,100
3389,13:05:30,3240.0,100
3390,13:05:30,3240.0,230
3391,13:05:30,3240.0,260
3392,13:05:30,3240.0,100
3393,13:05:30,3240.0,159
3394,13:05:30,3240.0,225
3395,13:05:19,3240.5,100
3396,13:04:51,3241.42,100
3397,13:04:51,3241.3188,200
3398,13:04:50,3241.3123,100
3399,13:04:01,3241.725,100
3400,13:02:53,3240.335,100
3401,13:02:51,3240.37,126
3402,13:02:51,3240.37,102
3403,13:02:51,3240.37,102
3404,13:02:48,3240.6475,100
3405,13:02:34,3240.4689,100
3406,13:02:33,3240.66,100
3407,13:02:13,3240.88,100
3408,13:02:02,3240.92,100
3409,13:01:50,3241.61,100
3410,13:01:50,3241.62,100
3411,13:01:50,3241.57,100
3412,13:01:50,3241.62,100
3413,13:01:50,3241.62,100
3414,13:01:50,3241.62,100
3415,13:01:50,3241.62,100
3416,13:01:50,3241.51,100
3417,13:00:52,3242.14,100
3418,13:59:49,3226.6,100
3419,13:59:37,3226.05,100
3420,13:59:14,3225.31,150
3421,13:58:51,3226.6,100
3422,13:57:53,3226.0316,173
3423,13:57:53,3226.0316,127
3424,13:57:50,3225.829,100
3425,13:57:46,3226.235,148
3426,13:57:32,3226.28,100
3427,13:55:52,3226.168,100
3428,13:55:52,3226.684,100
3429,13:55:43,3226.27,750
3430,13:55:31,3226.02,100
3431,13:55:31,3226.02,100
3432,13:55:23,3226.61,100
3433,13:55:04,3226.92,100
3434,13:55:04,3227.275,100
3435,13:55:04,3227.08,100
3436,13:54:05,3226.69,100
3437,13:54:05,3226.19,100
3438,13:53:59,3226.16,100
3439,13:53:54,3226.04,100
3440,13:53:46,3226.15,100
3441,13:53:43,3226.3899,100
3442,13:53:40,3226.04,100
3443,13:53:30,3226.18,100
3444,13:53:30,3226.18,100
3445,13:53:30,3226.41,100
3446,13:53:09,3226.32,100
3447,13:53:03,3225.78,100
3448,13:52:58,3225.4,100
3449,13:52:58,3225.025,100
3450,13:52:58,3225.2,100
3451,13:52:51,3224.95,100
3452,13:52:43,3224.88,100
3453,13:52:22,3224.69,100
3454,13:52:19,3225.0,100
3455,13:51:58,3224.83,956
3456,13:51:57,3224.91,100
3457,13:51:25,3224.818,158
3458,13:51:22,3224.83,100
3459,13:51:04,3224.6,100
3460,13:51:02,3224.7,100
3461,13:50:17,3224.67,100
3462,13:49:57,3224.4,100
3463,13:49:50,3224.79,100
3464,13:49:50,3224.6,100
3465,13:49:50,3224.63,100
3466,13:49:08,3223.7401,300
3467,13:49:04,3224.6,500
3468,13:49:04,3224.57,100
3469,13:49:04,3224.6,100
3470,13:48:59,3224.03,100
3471,13:48:49,3224.64,100
3472,13:48:26,3224.3,100
3473,13:48:24,3223.7748,200
3474,13:48:10,3223.6071,300
3475,13:48:00,3223.985,100
3476,13:47:59,3223.8058,101
3477,13:47:58,3224.71,223
3478,13:47:57,3224.3,200
3479,13:47:57,3224.3,100
3480,13:47:48,3223.87,100
3481,13:47:45,3223.81,100
3482,13:47:43,3224.15,100
3483,13:47:06,3224.39,100
3484,13:47:05,3224.46,100
3485,13:46:57,3225.3,100
3486,13:46:57,3225.38,100
3487,13:46:55,3225.2734,100
3488,13:46:31,3225.2758,100
3489,13:46:16,3225.11,100
3490,13:46:04,3225.46,100
3491,13:46:01,3224.7,100
3492,13:46:01,3224.91,100
3493,13:46:01,3225.0,100
3494,13:45:58,3225.96,100
3495,13:45:58,3226.02,100
3496,13:45:37,3226.0,100
3497,13:45:36,3226.39,100
3498,13:45:28,3225.51,100
3499,13:45:26,3225.67,200
3500,13:45:21,3225.85,198
3501,13:45:21,3225.85,107
3502,13:45:21,3226.03,100
3503,13:44:03,3226.21,100
3504,13:43:44,3226.7086,157
3505,13:43:16,3227.28,100
3506,13:43:00,3227.6568,300
3507,13:42:37,3227.0,101
3508,13:42:37,3227.0,409
3509,13:42:37,3226.87,100
3510,13:42:37,3227.0,200
3511,13:42:37,3227.0,418
3512,13:42:37,3226.99,100
3513,13:42:37,3227.49,100
3514,13:42:29,3227.16,100
3515,13:42:01,3227.0,100
3516,13:41:56,3228.39,100
3517,13:41:41,3228.25,100
3518,13:41:33,3228.815,100
3519,13:41:22,3229.0,100
3520,13:41:05,3227.78,100
3521,13:41:05,3227.54,100
3522,13:41:00,3227.85,100
3523,13:40:14,3227.95,100
3524,13:40:14,3227.95,100
3525,13:40:14,3227.95,100
3526,13:40:02,3227.85,100
3527,13:40:02,3228.12,100
3528,13:39:57,3228.0,100
3529,13:39:57,3228.003,100
3530,13:39:57,3228.06,100
3531,13:39:47,3228.82,100
3532,13:39:47,3228.82,100
3533,13:39:36,3230.0,200
3534,13:39:36,3230.0,100
3535,13:39:36,3230.0,100
3536,13:39:36,3230.0,100
3537,13:39:35,3230.26,100
3538,13:39:32,3230.29,100
3539,13:39:32,3230.29,100
3540,13:39:24,3230.6921,100
3541,13:39:17,3230.78,200
3542,13:39:17,3230.0,100
3543,13:39:16,3230.24,100
3544,13:39:16,3230.2,100
3545,13:39:12,3230.28,100
3546,13:39:10,3230.3,100
3547,13:39:10,3230.51,100
3548,13:39:10,3230.4,100
3549,13:39:05,3230.55,100
3550,13:38:52,3231.18,100
3551,13:38:45,3230.4,100
3552,13:38:45,3230.49,100
3553,13:38:45,3230.3,100
3554,13:38:09,3230.0858,246
3555,13:38:04,3230.05,100
3556,13:38:04,3230.04,100
3557,13:38:04,3230.25,100
3558,13:38:04,3230.29,400
3559,13:38:04,3230.01,100
3560,13:38:04,3230.67,100
3561,13:38:04,3230.26,100
3562,13:38:00,3231.02,100
3563,13:38:00,3231.23,100
3564,13:38:00,3231.23,359
3565,13:38:00,3231.23,100
3566,13:38:00,3231.4,100
3567,13:37:58,3232.03,100
3568,13:37:58,3232.08,100
3569,13:37:52,3232.69,100
3570,13:37:34,3233.01,200
3571,13:37:28,3233.43,133
3572,13:37:18,3232.87,100
3573,13:36:56,3232.6199,100
3574,13:36:52,3232.27,100
3575,13:36:47,3232.73,100
3576,13:36:47,3233.27,100
3577,13:36:16,3233.655,100
3578,13:36:07,3233.61,100
3579,13:36:07,3233.625,100
3580,13:36:02,3233.46,150
3581,13:35:55,3233.32,100
3582,13:35:51,3233.69,100
3583,13:35:45,3233.56,100
3584,13:35:41,3233.38,100
3585,13:35:37,3233.39,100
3586,13:35:12,3233.51,100
3587,13:35:12,3233.325,100
3588,13:35:10,3233.6,100
3589,13:35:10,3233.6,127
3590,13:35:10,3233.6,147
3591,13:34:53,3232.93,100
3592,13:34:53,3232.7766,100
3593,13:34:52,3232.6514,100
3594,13:34:49,3232.68,100
3595,13:34:12,3232.78,100
3596,13:34:02,3232.94,100
3597,13:34:02,3233.23,100
3598,13:33:25,3231.9,100
3599,13:33:23,3232.59,100
3600,13:33:23,3232.395,100
3601,13:33:23,3232.22,100
3602,13:33:11,3231.63,192
3603,13:33:07,3231.64,100
3604,13:32:46,3231.8,100
3605,13:32:41,3231.82,100
3606,13:32:30,3231.56,100
3607,13:32:26,3231.865,100
3608,13:32:17,3231.93,100
3609,13:32:12,3231.89,100
3610,13:32:08,3231.65,100
3611,13:32:08,3231.5,100
3612,13:32:01,3231.64,100
3613,13:31:56,3231.62,100
3614,13:31:52,3231.76,100
3615,13:31:51,3232.03,100
3616,13:31:51,3231.86,100
3617,13:31:51,3232.45,100
3618,13:31:51,3232.19,100
3619,13:31:51,3232.13,100
3620,13:31:47,3231.48,100
3621,13:31:06,3231.28,100
3622,13:31:05,3231.31,100
3623,13:31:04,3231.31,100
3624,13:31:04,3231.3,100
3625,13:30:53,3231.795,100
3626,13:30:47,3231.78,100
3627,13:30:47,3231.55,100
3628,13:30:36,3231.07,100
3629,13:30:23,3231.36,100
3630,13:30:23,3230.58,100
3631,13:30:23,3230.58,100
3632,13:30:23,3230.58,100
3633,13:30:23,3230.58,100
3634,13:30:22,3230.58,100
3635,13:30:03,3230.21,100
3636,13:30:03,3230.38,100
3637,13:30:03,3230.38,100
3638,13:30:03,3230.5,100
3639,13:30:01,3230.7,100
3640,14:29:45,3230.41,100
3641,14:29:37,3230.44,100
3642,14:29:15,3230.76,100
3643,14:28:56,3229.9,100
3644,14:28:56,3228.935,100
3645,14:28:56,3229.27,100
3646,14:28:56,3229.27,100
3647,14:28:56,3229.27,145
3648,14:28:56,3229.21,100
3649,14:28:56,3229.26,200
3650,14:28:54,3228.695,100
3651,14:28:44,3228.56,100
3652,14:28:43,3228.31,100
3653,14:28:37,3228.44,2000
3654,14:28:29,3229.11,100
3655,14:28:26,3228.88,100
3656,14:27:49,3228.67,100
3657,14:27:49,3228.72,100
3658,14:27:44,3228.69,100
3659,14:26:36,3227.18,100
3660,14:26:20,3227.435,100
3661,14:26:09,3227.49,100
3662,14:25:50,3226.91,200
3663,14:25:44,3226.805,100
3664,14:24:56,3227.47,100
3665,14:24:26,3227.0,200
3666,14:24:26,3226.66,100
3667,14:24:11,3226.6,100
3668,14:24:11,3226.225,100
3669,14:24:11,3226.65,100
3670,14:24:11,3226.6,100
3671,14:23:43,3225.51,200
3672,14:22:36,3226.38,100
3673,14:22:00,3226.28,200
3674,14:21:59,3225.8,100
3675,14:20:01,3224.98,100
3676,14:20:00,3225.81,100
3677,14:20:00,3225.96,104
3678,14:18:51,3226.4,100
3679,14:18:14,3225.94,100
3680,14:18:13,3225.94,100
3681,14:18:12,3226.74,100
3682,14:17:19,3226.38,100
3683,14:16:59,3226.65,100
3684,14:16:56,3226.81,100
3685,14:16:51,3226.5,100
3686,14:16:41,3226.5,100
3687,14:16:29,3226.36,100
3688,14:16:27,3226.5108,100
3689,14:16:19,3226.51,100
3690,14:16:18,3225.9,100
3691,14:16:18,3226.23,100
3692,14:16:18,3226.23,100
3693,14:16:18,3226.08,300
3694,14:16:18,3226.23,100
3695,14:16:15,3225.725,100
3696,14:15:35,3225.725,100
3697,14:15:12,3225.49,100
3698,14:15:12,3225.13,100
3699,14:15:04,3225.27,100
3700,14:15:04,3224.84,100
3701,14:15:04,3224.86,100
3702,14:15:00,3224.19,100
3703,14:14:51,3224.5811,100
3704,14:14:36,3224.6,100
3705,14:14:36,3224.6,104
3706,14:14:22,3224.77,156
3707,14:13:39,3225.0352,200
3708,14:13:03,3225.46,100
3709,14:12:46,3226.0425,100
3710,14:12:41,3225.69,100
3711,14:12:40,3225.82,100
3712,14:11:08,3224.4,100
3713,14:11:06,3224.4599,300
3714,14:10:59,3225.0,100
3715,14:10:44,3225.28,100
3716,14:10:08,3225.205,100
3717,14:10:08,3225.51,100
3718,14:10:07,3225.25,100
3719,14:10:07,3225.41,100
3720,14:10:03,3225.5,382
3721,14:10:03,3225.56,100
3722,14:09:55,3225.65,100
3723,14:09:07,3226.28,200
3724,14:08:53,3226.25,100
3725,14:08:43,3225.65,100
3726,14:08:41,3225.69,100
3727,14:08:41,3225.67,100
3728,14:08:39,3225.95,100
3729,14:06:10,3227.15,100
3730,14:05:58,3226.5095,200
3731,14:05:58,3227.168,207
3732,14:05:58,3226.5095,207
3733,14:05:47,3227.28,159
3734,14:05:42,3227.19,138
3735,14:05:33,3226.935,100
3736,14:05:33,3227.36,100
3737,14:05:22,3227.2889,100
3738,14:04:41,3226.96,100
3739,14:04:40,3227.14,100
3740,14:04:40,3227.01,100
3741,14:04:38,3226.28,100
3742,14:04:38,3226.32,100
3743,14:04:32,3226.21,100
3744,14:04:08,3226.63,100
3745,14:04:08,3226.63,100
3746,14:04:08,3226.63,100
3747,14:03:48,3226.4618,100
3748,14:03:27,3226.4512,100
3749,14:03:12,3225.65,100
3750,14:02:45,3225.71,100
3751,14:02:13,3226.04,148
3752,14:02:12,3225.75,100
3753,14:01:23,3225.65,418
3754,14:59:34,3230.16,100
3755,14:59:10,3228.945,200
3756,14:58:53,3229.41,100
3757,14:58:28,3230.12,100
3758,14:58:12,3229.8,100
3759,14:58:09,3230.36,100
3760,14:57:53,3230.645,100
3761,14:57:33,3230.9392,258
3762,14:57:03,3231.0,270
3763,14:57:03,3231.04,100
3764,14:56:59,3231.3548,750
3765,14:56:50,3231.22,100
3766,14:56:50,3231.26,100
3767,14:56:09,3231.2839,140
3768,14:55:58,3231.303,125
3769,14:55:48,3231.83,100
3770,14:55:15,3232.295,100
3771,14:55:15,3231.93,100
3772,14:55:13,3231.8031,131
3773,14:54:59,3232.49,100
3774,14:54:59,3232.16,100
3775,14:54:59,3231.94,100
3776,14:54:59,3231.94,100
3777,14:54:59,3232.06,100
3778,14:54:45,3231.55,100
3779,14:54:45,3231.52,100
3780,14:54:41,3231.795,100
3781,14:54:26,3231.87,100
3782,14:54:26,3231.93,100
3783,14:53:34,3231.785,100
3784,14:52:53,3232.39,100
3785,14:52:53,3232.92,200
3786,14:52:25,3233.87,100
3787,14:52:23,3233.1,100
3788,14:52:21,3233.44,100
3789,14:52:18,3233.46,100
3790,14:52:18,3233.19,100
3791,14:52:18,3233.19,100
3792,14:52:10,3234.085,100
3793,14:52:09,3233.89,100
3794,14:52:05,3233.92,100
3795,14:52:03,3233.35,100
3796,14:52:03,3233.35,100
3797,14:52:00,3234.0,100
3798,14:52:00,3234.0,100
3799,14:52:00,3233.76,100
3800,14:51:24,3234.41,100
3801,14:51:17,3233.98,100
3802,14:50:57,3234.255,100
3803,14:50:57,3234.255,100
3804,14:50:44,3234.34,100
3805,14:50:41,3234.26,100
3806,14:50:03,3233.87,100
3807,14:50:01,3233.97,100
3808,14:49:53,3233.83,100
3809,14:49:15,3234.4,100
3810,14:49:15,3234.35,100
3811,14:48:35,3233.9675,100
3812,14:48:35,3234.435,100
3813,14:48:35,3234.32,100
3814,14:48:35,3234.35,100
3815,14:48:29,3234.43,100
3816,14:48:24,3234.66,100
3817,14:48:24,3234.66,100
3818,14:48:00,3234.46,100
3819,14:47:59,3234.365,100
3820,14:47:54,3234.3,100
3821,14:47:19,3234.34,100
3822,14:47:18,3234.43,100
3823,14:47:18,3234.42,100
3824,14:47:18,3234.47,100
3825,14:47:18,3234.5,100
3826,14:47:18,3234.62,100
3827,14:47:00,3234.49,100
3828,14:46:59,3234.16,100
3829,14:46:08,3233.8901,100
3830,14:45:26,3234.1438,309
3831,14:45:24,3233.594,100
3832,14:45:00,3234.3579,150
3833,14:44:59,3234.09,100
3834,14:44:45,3234.21,100
3835,14:44:45,3234.17,100
3836,14:44:16,3234.05,100
3837,14:44:11,3234.04,100
3838,14:44:11,3233.96,100
3839,14:43:57,3233.82,100
3840,14:43:55,3234.03,100
3841,14:43:55,3233.87,100
3842,14:43:55,3233.405,100
3843,14:43:33,3233.31,100
3844,14:43:20,3233.3,100
3845,14:43:18,3233.14,100
3846,14:43:17,3233.19,100
3847,14:43:10,3233.07,100
3848,14:42:30,3233.29,100
3849,14:42:19,3233.53,100
3850,14:42:10,3233.015,200
3851,14:41:54,3233.27,100
3852,14:41:39,3233.43,100
3853,14:41:35,3233.92,100
3854,14:41:34,3233.92,100
3855,14:41:21,3233.8506,190
3856,14:41:04,3233.835,100
3857,14:40:48,3233.64,100
3858,14:40:42,3234.13,115
3859,14:40:40,3233.42,100
3860,14:40:39,3232.8,100
3861,14:40:21,3232.64,100
3862,14:39:58,3232.34,100
3863,14:39:39,3232.555,100
3864,14:39:39,3232.55,100
3865,14:39:37,3232.24,100
3866,14:39:26,3232.125,100
3867,14:39:26,3232.17,100
3868,14:39:24,3232.35,100
3869,14:39:03,3231.855,274
3870,14:38:39,3231.94,100
3871,14:38:21,3231.8,100
3872,14:38:19,3232.195,100
3873,14:38:03,3232.07,100
3874,14:37:56,3231.6142,100
3875,14:37:49,3232.155,100
3876,14:37:44,3232.13,100
3877,14:37:43,3232.14,100
3878,14:37:43,3232.06,100
3879,14:37:39,3232.335,100
3880,14:37:38,3232.18,100
3881,14:37:38,3232.11,100
3882,14:37:35,3232.16,100
3883,14:37:34,3232.435,100
3884,14:36:59,3232.12,100
3885,14:36:54,3231.925,200
3886,14:36:10,3232.16,100
3887,14:36:05,3232.22,100
3888,14:36:05,3232.24,100
3889,14:36:05,3232.24,100
3890,14:35:53,3232.0,900
3891,14:35:53,3232.0,100
3892,14:35:53,3232.0,100
3893,14:35:49,3231.6682,320
3894,14:35:44,3231.33,100
3895,14:35:44,3231.38,100
3896,14:35:25,3231.325,100
3897,14:35:25,3230.94,100
3898,14:35:22,3231.37,100
3899,14:35:11,3231.26,400
3900,14:34:59,3230.96,100
3901,14:34:31,3231.195,100
3902,14:34:20,3230.47,100
3903,14:34:08,3230.95,100
3904,14:34:05,3230.57,100
3905,14:34:05,3230.46,100
3906,14:34:05,3230.5,100
3907,14:34:02,3230.43,100
3908,14:34:02,3229.91,100
3909,14:34:02,3229.94,100
3910,14:34:02,3229.96,100
3911,14:34:02,3230.0,100
3912,14:34:01,3229.6054,128
3913,14:34:00,3229.45,100
3914,14:33:53,3229.4245,120
3915,14:33:51,3229.36,100
3916,14:33:51,3229.4,100
3917,14:33:48,3229.47,100
3918,14:33:27,3229.79,100
3919,14:33:16,3229.75,100
3920,14:32:58,3229.33,100
3921,14:32:58,3229.21,100
3922,14:32:54,3229.86,100
3923,14:32:39,3230.33,100
3924,14:32:37,3230.006,100
3925,14:32:26,3230.8457,100
3926,14:31:59,3230.08,100
3927,14:31:58,3230.44,100
3928,14:31:58,3230.36,100
3929,14:31:58,3230.09,100
3930,14:31:58,3230.54,100
3931,14:31:22,3230.6598,200
3932,14:31:19,3231.205,100
3933,14:31:03,3230.89,100
3934,14:30:59,3231.0125,100
3935,14:30:46,3231.89,100
3936,14:30:43,3231.4,100
3937,14:30:41,3231.44,100
3938,14:30:41,3231.5,100
3939,14:30:41,3231.43,100
3940,14:30:37,3230.98,100
3941,14:30:28,3230.7,100
3942,14:30:16,3230.75,100
3943,14:30:12,3230.36,100
3944,14:30:07,3230.505,600
3945,14:30:07,3230.5845,750
3946,14:30:02,3230.85,100
3947,15:29:49,3232.7413,250
3948,15:29:49,3232.23,100
3949,15:29:49,3232.2,100
3950,15:29:49,3232.23,100
3951,15:29:49,3232.24,100
3952,15:29:49,3232.02,100
3953,15:29:44,3232.19,100
3954,15:29:34,3231.69,100
3955,15:29:22,3232.37,100
3956,15:29:22,3232.4729,200
3957,15:29:22,3231.91,100
3958,15:29:22,3232.0,100
3959,15:29:22,3232.05,100
3960,15:29:22,3231.97,100
3961,15:29:22,3232.4,100
3962,15:29:22,3231.9,100
3963,15:29:22,3232.46,100
3964,15:29:22,3231.96,100
3965,15:29:22,3231.82,100
3966,15:29:22,3232.41,100
3967,15:29:22,3232.5,100
3968,15:29:22,3232.55,100
3969,15:29:19,3232.29,100
3970,15:29:19,3232.25,100
3971,15:29:19,3232.25,100
3972,15:29:19,3232.23,100
3973,15:29:02,3231.505,100
3974,15:29:02,3231.98,100
3975,15:28:53,3231.67,100
3976,15:28:27,3231.99,198
3977,15:28:16,3231.545,1000
3978,15:28:07,3231.6,100
3979,15:27:52,3231.0,502
3980,15:27:51,3231.0,275
3981,15:27:51,3231.0,244
3982,15:27:50,3231.0,175
3983,15:27:50,3231.0,100
3984,15:27:50,3231.0,251
3985,15:27:50,3230.92,100
3986,15:27:50,3230.99,100
3987,15:27:50,3231.0,100
3988,15:27:50,3231.0,142
3989,15:27:50,3231.0,100
3990,15:27:50,3231.0,200
3991,15:27:50,3230.93,100
3992,15:27:50,3231.0,115
3993,15:27:49,3230.96,100
3994,15:27:49,3231.0,443
3995,15:27:49,3231.15,100
3996,15:27:49,3231.39,100
3997,15:27:49,3231.15,100
3998,15:27:49,3231.11,100
3999,15:27:49,3231.11,100
4000,15:27:49,3231.29,100
4001,15:27:47,3231.5,100
4002,15:27:41,3231.095,100
4003,15:27:41,3231.096,309
4004,15:27:41,3231.096,200
4005,15:27:41,3231.096,283
4006,15:27:24,3231.52,100
4007,15:27:19,3231.4,100
4008,15:27:11,3230.845,100
4009,15:27:05,3231.6,300
4010,15:27:01,3230.66,100
4011,15:26:50,3230.44,100
4012,15:26:50,3230.36,100
4013,15:26:50,3230.39,100
