,NLS Time (ET),NLS Price,NLS Share Volume
0,09:59:59,3332.52,1250
1,09:59:52,3332.67,100
2,09:59:44,3333.525,100
3,09:59:44,3333.525,100
4,09:59:44,3333.525,100
5,09:59:38,3334.6,500
6,09:59:38,3334.6099,100
7,09:59:38,3334.61,100
8,09:59:34,3333.78,100
9,09:59:34,3333.52,100
10,09:59:33,3334.57,100
11,09:59:29,3334.57,100
12,09:59:29,3334.57,100
13,09:59:29,3333.98,100
14,09:59:25,3334.4,500
15,09:59:25,3331.87,200
16,09:59:24,3332.08,130
17,09:59:24,3332.26,100
18,09:59:24,3333.1,369
19,09:59:24,3333.095,100
20,09:59:24,3334.95,100
21,09:59:24,3335.21,100
22,09:59:23,3335.68,126
23,09:59:20,3335.6,100
24,09:59:11,3336.13,225
25,09:59:09,3336.0,100
26,09:59:07,3335.67,100
27,09:59:07,3335.7,100
28,09:59:06,3335.7,100
29,09:59:01,3336.125,100
30,09:58:58,3336.13,100
31,09:58:57,3335.4595,150
32,09:58:50,3337.96,100
33,09:58:49,3338.3981,500
34,09:58:45,3337.3189,200
35,09:58:43,3337.735,100
36,09:58:43,3337.675,100
37,09:58:43,3338.58,100
38,09:58:43,3338.77,100
39,09:58:43,3337.77,101
40,09:58:43,3338.0,100
41,09:58:41,3337.77,100
42,09:58:41,3337.0,100
43,09:58:40,3336.31,100
44,09:58:40,3336.27,100
45,09:58:40,3336.19,100
46,09:58:40,3336.5,230
47,09:58:40,3336.5,200
48,09:58:40,3336.0,100
49,09:58:38,3335.7832,200
50,09:58:34,3335.6,100
51,09:58:31,3335.915,100
52,09:58:24,3334.7128,600
53,09:58:15,3334.15,100
54,09:58:12,3333.405,100
55,09:58:09,3333.75,100
56,09:58:09,3334.266,100
57,09:58:09,3334.57,100
58,09:58:02,3334.375,141
59,09:58:02,3334.37,100
60,09:58:00,3334.99,100
61,09:58:00,3335.98,100
62,09:58:00,3334.96,100
63,09:58:00,3334.97,100
64,09:58:00,3334.5,100
65,09:58:00,3334.46,100
66,09:58:00,3333.95,100
67,09:58:00,3334.205,100
68,09:58:00,3333.7,100
69,09:58:00,3334.07,100
70,09:58:00,3334.0125,100
71,09:58:00,3334.33,100
72,09:57:51,3333.535,100
73,09:57:32,3333.365,337
74,09:57:32,3333.42,100
75,09:57:22,3334.36,100
76,09:57:21,3334.0,115
77,09:57:21,3334.0,100
78,09:57:21,3334.0,100
79,09:57:17,3334.88,161
80,09:57:13,3334.0,100
81,09:57:08,3334.0,139
82,09:57:01,3334.0,100
83,09:57:01,3333.46,100
84,09:57:01,3333.79,100
85,09:57:01,3334.0,100
86,09:56:57,3332.645,100
87,09:56:40,3332.71,100
88,09:56:34,3331.7102,300
89,09:56:33,3332.08,100
90,09:56:08,3335.0,100
91,09:56:08,3334.54,100
92,09:56:07,3334.989,116
93,09:56:07,3334.56,100
94,09:56:07,3334.059,199
95,09:56:05,3333.38,100
96,09:55:52,3333.0211,100
97,09:55:51,3333.135,129
98,09:55:36,3331.32,217
99,09:55:36,3331.14,100
100,09:55:36,3330.87,100
101,09:55:25,3330.9,100
102,09:55:25,3330.94,100
103,09:55:25,3330.95,100
104,09:55:20,3332.75,100
105,09:55:20,3333.33,100
106,09:55:19,3333.51,100
107,09:55:17,3333.78,100
108,09:55:17,3333.74,100
109,09:55:17,3333.73,100
110,09:55:17,3333.74,100
111,09:55:17,3333.74,100
112,09:55:17,3334.86,100
113,09:55:11,3334.59,100
114,09:55:11,3333.01,100
115,09:55:11,3334.01,100
116,09:55:11,3334.37,100
117,09:55:11,3334.32,100
118,09:55:11,3334.25,100
119,09:55:06,3334.23,300
120,09:55:05,3334.95,100
121,09:55:03,3336.2,100
122,09:55:00,3335.95,100
123,09:55:00,3336.0,100
124,09:55:00,3335.95,100
125,09:54:59,3335.965,100
126,09:54:57,3335.06,100
127,09:54:57,3335.06,100
128,09:54:49,3335.72,100
129,09:54:49,3335.72,100
130,09:54:49,3335.72,100
131,09:54:43,3336.38,100
132,09:54:43,3336.905,100
133,09:54:41,3335.72,100
134,09:54:37,3336.545,100
135,09:54:33,3336.96,100
136,09:54:33,3336.5,100
137,09:54:33,3336.495,100
138,09:54:32,3335.5592,200
139,09:54:29,3335.2682,100
140,09:54:28,3335.35,500
141,09:54:27,3335.14,100
142,09:54:27,3334.96,100
143,09:54:27,3334.5,100
144,09:54:26,3335.0,100
145,09:54:26,3335.0,100
146,09:54:26,3334.66,100
147,09:54:25,3334.5,100
148,09:54:21,3334.0,100
149,09:54:21,3333.64,100
150,09:54:21,3333.82,100
151,09:54:21,3333.99,100
152,09:54:20,3333.64,375
153,09:54:14,3333.33,102
154,09:54:14,3333.34,181
155,09:54:13,3332.67,100
156,09:54:09,3332.795,100
157,09:53:58,3332.09,100
158,09:53:55,3331.6,600
159,09:53:55,3331.89,100
160,09:53:53,3330.0,1067
161,09:53:52,3331.5993,100
162,09:53:52,3329.88,175
163,09:53:52,3329.88,100
164,09:53:52,3330.09,100
165,09:53:46,3330.71,100
166,09:53:46,3330.965,100
167,09:53:41,3330.05,100
168,09:53:40,3329.92,100
169,09:53:37,3329.61,100
170,09:53:35,3329.91,100
171,09:53:35,3329.1945,100
172,09:53:31,3328.19,100
173,09:53:27,3328.08,100
174,09:53:25,3328.92,100
175,09:53:22,3327.345,100
176,09:53:21,3328.56,100
177,09:53:18,3328.71,100
178,09:53:16,3327.945,100
179,09:53:15,3327.305,100
180,09:53:13,3327.95,100
181,09:53:11,3328.059,100
182,09:53:08,3327.195,100
183,09:53:08,3327.195,100
184,09:53:07,3328.42,100
185,09:53:03,3327.5,100
186,09:53:03,3327.83,100
187,09:53:03,3327.11,100
188,09:53:02,3326.36,100
189,09:53:00,3326.7,102
190,09:53:00,3325.392,100
191,09:53:00,3325.365,100
192,09:52:59,3325.802,100
193,09:52:56,3326.25,100
194,09:52:56,3326.25,100
195,09:52:56,3325.84,100
196,09:52:56,3326.25,100
197,09:52:56,3326.26,100
198,09:52:56,3326.12,100
199,09:52:56,3326.0,100
200,09:52:52,3326.865,100
201,09:52:50,3326.49,100
202,09:52:50,3325.33,100
203,09:52:49,3325.3325,120
204,09:52:49,3325.91,100
205,09:52:49,3325.98,100
206,09:52:49,3326.91,100
207,09:52:49,3326.98,100
208,09:52:47,3325.26,100
209,09:52:40,3325.7498,100
210,09:52:38,3325.425,120
211,09:52:38,3325.0,100
212,09:52:38,3324.5,100
213,09:52:37,3325.34,132
214,09:52:37,3325.5,100
215,09:52:36,3325.53,100
216,09:52:35,3326.58,179
217,09:52:35,3325.58,179
218,09:52:35,3326.59,100
219,09:52:35,3325.59,100
220,09:52:35,3326.0,100
221,09:52:35,3326.0,200
222,09:52:34,3326.73,100
223,09:52:31,3327.875,100
224,09:52:20,3327.52,100
225,09:52:20,3327.52,100
226,09:52:11,3328.425,100
227,09:52:08,3328.52,100
228,09:52:07,3328.53,100
229,09:52:06,3328.53,100
230,09:52:04,3328.53,100
231,09:52:03,3328.52,100
232,09:52:02,3328.115,100
233,09:52:00,3328.495,100
234,09:52:00,3327.8,100
235,09:51:47,3327.49,100
236,09:51:46,3327.465,100
237,09:51:44,3327.26,100
238,09:51:44,3326.98,100
239,09:51:35,3327.79,100
240,09:51:33,3327.125,200
241,09:51:30,3326.71,100
242,09:51:30,3326.84,655
243,09:51:29,3328.42,125
244,09:51:28,3326.84,538
245,09:51:28,3326.84,114
246,09:51:28,3326.84,150
247,09:51:22,3327.5072,100
248,09:51:19,3326.84,319
249,09:51:19,3327.0,100
250,09:51:16,3328.26,100
251,09:51:05,3329.375,100
252,09:51:04,3329.14,100
253,09:51:02,3328.33,100
254,09:51:02,3328.33,100
255,09:51:01,3328.82,100
256,09:51:01,3330.1528,145
257,09:50:57,3328.34,100
258,09:50:54,3327.92,100
259,09:50:53,3327.92,100
260,09:50:53,3327.92,100
261,09:50:53,3327.79,100
262,09:50:43,3327.64,123
263,09:50:43,3327.04,100
264,09:50:43,3327.1,100
265,09:50:43,3327.7442,593
266,09:50:38,3327.97,100
267,09:50:36,3326.0005,100
268,09:50:36,3326.06,100
269,09:50:34,3326.98,100
270,09:50:28,3327.45,110
271,09:50:21,3326.505,100
272,09:50:21,3326.505,100
273,09:50:21,3326.595,100
274,09:50:20,3327.45,100
275,09:50:20,3327.45,100
276,09:50:19,3326.485,100
277,09:50:18,3327.45,100
278,09:50:17,3327.3525,100
279,09:50:17,3327.385,100
280,09:50:04,3328.64,100
281,09:50:02,3328.64,100
282,09:50:02,3328.64,100
283,09:50:01,3330.51,100
284,09:49:52,3331.26,100
285,09:49:49,3331.29,100
286,09:49:49,3331.2,100
287,09:49:49,3331.16,100
288,09:49:48,3333.84,100
289,09:49:48,3333.51,100
290,09:49:48,3333.905,100
291,09:49:45,3332.0,100
292,09:49:45,3330.94,105
293,09:49:42,3332.575,100
294,09:49:39,3334.53,100
295,09:49:39,3334.72,300
296,09:49:39,3333.32,210
297,09:49:32,3329.73,100
298,09:49:26,3329.36,210
299,09:49:26,3329.0,165
300,09:49:25,3327.44,100
301,09:49:24,3329.0,200
302,09:49:20,3325.5201,100
303,09:49:19,3328.48,100
304,09:49:19,3328.5,115
305,09:49:16,3327.29,150
306,09:49:12,3326.03,277
307,09:49:11,3326.03,100
308,09:49:09,3326.2537,100
309,09:49:08,3326.01,100
310,09:49:06,3326.025,100
311,09:49:06,3327.05,100
312,09:49:05,3326.135,240
313,09:49:03,3327.25,100
314,09:48:58,3326.52,100
315,09:48:58,3327.0,150
316,09:48:58,3327.0,264
317,09:48:58,3327.59,250
318,09:48:58,3327.59,190
319,09:48:58,3327.59,100
320,09:48:58,3327.59,112
321,09:48:58,3328.0,250
322,09:48:58,3330.75,100
323,09:48:55,3328.245,100
324,09:48:55,3328.145,100
325,09:48:55,3330.0527,243
326,09:48:55,3328.25,243
327,09:48:50,3329.02,150
328,09:48:50,3329.02,100
329,09:48:49,3329.68,125
330,09:48:49,3329.68,134
331,09:48:49,3329.68,134
332,09:48:49,3329.68,123
333,09:48:49,3329.68,134
334,09:48:49,3329.68,134
335,09:48:49,3329.68,134
336,09:48:43,3329.01,100
337,09:48:41,3329.0,200
338,09:48:40,3328.66,127
339,09:48:39,3328.6601,100
340,09:48:36,3330.5001,100
341,09:48:36,3330.5,100
342,09:48:33,3331.395,100
343,09:48:33,3331.01,100
344,09:48:32,3331.41,300
345,09:48:32,3331.3,100
346,09:48:32,3331.3,100
347,09:48:32,3331.05,100
348,09:48:32,3331.41,300
349,09:48:31,3332.0,123
350,09:48:31,3331.05,100
351,09:48:31,3331.05,100
352,09:48:31,3331.33,300
353,09:48:31,3331.04,100
354,09:48:31,3331.04,100
355,09:48:31,3331.32,100
356,09:48:31,3331.54,100
357,09:48:31,3331.805,100
358,09:48:28,3331.54,134
359,09:48:25,3331.93,200
360,09:48:19,3332.288,100
361,09:48:19,3331.025,100
362,09:48:18,3333.33,1250
363,09:48:17,3333.43,114
364,09:48:15,3329.89,100
365,09:48:12,3328.815,100
366,09:48:08,3329.0,100
367,09:48:08,3329.53,100
368,09:48:08,3329.247,100
369,09:48:08,3329.647,100
370,09:48:08,3329.74,100
371,09:48:08,3329.34,100
372,09:48:08,3329.995,100
373,09:48:08,3329.995,100
374,09:48:08,3329.995,100
375,09:48:07,3330.035,200
376,09:48:07,3330.0,100
377,09:48:07,3330.0,100
378,09:48:07,3330.0,100
379,09:48:07,3330.0,2015
380,09:48:07,3330.0,117
381,09:48:07,3330.1801,100
382,09:48:07,3330.1801,100
383,09:48:07,3330.1801,100
384,09:48:06,3331.065,100
385,09:48:01,3331.51,200
386,09:48:00,3332.0,120
387,09:48:00,3332.0,100
388,09:47:58,3330.59,100
389,09:47:58,3330.59,100
390,09:47:58,3331.0,100
391,09:47:56,3331.47,300
392,09:47:55,3331.69,100
393,09:47:53,3332.01,177
394,09:47:53,3331.99,100
395,09:47:53,3331.99,100
396,09:47:49,3332.795,1250
397,09:47:46,3334.05,100
398,09:47:37,3334.05,100
399,09:47:34,3334.0499,100
400,09:47:30,3332.095,500
401,09:47:26,3331.5,100
402,09:47:25,3332.875,250
403,09:47:25,3332.011,200
404,09:47:25,3332.3101,100
405,09:47:25,3332.31,100
406,09:47:25,3333.0,100
407,09:47:24,3334.3299,100
408,09:47:22,3333.01,100
409,09:47:22,3333.45,100
410,09:47:21,3334.18,100
411,09:47:16,3334.0,100
412,09:47:14,3336.06,100
413,09:47:11,3334.7,100
414,09:47:07,3336.06,100
415,09:47:02,3334.39,100
416,09:47:01,3333.18,100
417,09:46:58,3334.67,350
418,09:46:58,3334.4,100
419,09:46:58,3334.0,100
420,09:46:58,3336.74,100
421,09:46:57,3336.05,1250
422,09:46:55,3337.0,100
423,09:46:55,3337.01,100
424,09:46:53,3337.68,100
425,09:46:48,3338.0,130
426,09:46:48,3338.0,100
427,09:46:47,3337.43,122
428,09:46:47,3337.58,100
429,09:46:36,3337.005,100
430,09:46:36,3336.98,100
431,09:46:33,3336.5,135
432,09:46:32,3336.683,299
433,09:46:30,3338.28,100
434,09:46:30,3338.07,100
435,09:46:30,3338.045,100
436,09:46:30,3337.87,100
437,09:46:24,3335.06,100
438,09:46:21,3336.445,100
439,09:46:21,3337.34,100
440,09:46:21,3337.15,100
441,09:46:21,3337.15,100
442,09:46:20,3338.91,100
443,09:46:20,3337.625,100
444,09:46:20,3337.9999,100
445,09:46:20,3336.26,100
446,09:46:19,3336.27,100
447,09:46:19,3336.9,650
448,09:46:19,3337.989,115
449,09:46:19,3337.2099,100
450,09:46:19,3337.2099,100
451,09:46:19,3337.21,100
452,09:46:19,3337.21,100
453,09:46:19,3335.06,100
454,09:46:19,3336.93,100
455,09:46:15,3336.0,100
456,09:46:12,3336.5297,100
457,09:46:10,3335.8,1250
458,09:46:10,3336.9999,100
459,09:46:10,3335.995,100
460,09:46:10,3335.4864,1250
461,09:46:06,3336.005,100
462,09:46:05,3336.0017,150
463,09:46:02,3334.9619,100
464,09:46:00,3335.795,123
465,09:45:59,3335.795,100
466,09:45:59,3336.88,100
467,09:45:56,3335.78,100
468,09:45:51,3336.71,100
469,09:45:50,3334.2,100
470,09:45:40,3334.0,400
471,09:45:40,3334.0,200
472,09:45:40,3332.89,100
473,09:45:40,3332.8899,100
474,09:45:40,3332.94,100
475,09:45:40,3332.75,100
476,09:45:40,3332.89,100
477,09:45:39,3332.86,200
478,09:45:39,3332.3827,943
479,09:45:39,3332.3827,120
480,09:45:39,3332.3827,187
481,09:45:36,3332.6777,100
482,09:45:24,3331.315,100
483,09:45:23,3330.545,100
484,09:45:19,3330.55,100
485,09:45:15,3330.11,100
486,09:45:15,3330.06,100
487,09:45:15,3329.2325,100
488,09:45:14,3329.08,195
489,09:45:14,3329.455,100
490,09:45:14,3329.98,100
491,09:45:14,3329.04,100
492,09:45:14,3329.04,100
493,09:45:11,3329.25,116
494,09:45:11,3329.73,100
495,09:45:11,3330.0,100
496,09:45:11,3330.0,100
497,09:45:11,3330.0,100
498,09:45:11,3330.0,100
499,09:45:11,3330.0,100
500,09:45:11,3330.02,100
501,09:45:10,3332.0499,100
502,09:45:08,3331.0,100
503,09:45:08,3332.045,100
504,09:45:08,3331.1,100
505,09:45:08,3331.1,100
506,09:44:47,3334.5,100
507,09:44:43,3331.52,100
508,09:44:36,3331.8328,100
509,09:44:36,3333.1,150
510,09:44:34,3332.14,100
511,09:44:33,3331.11,100
512,09:44:33,3331.05,100
513,09:44:32,3332.2,500
514,09:44:32,3331.15,100
515,09:44:32,3331.12,100
516,09:44:32,3331.31,100
517,09:44:32,3331.07,110
518,09:44:31,3334.1499,100
519,09:44:30,3333.62,200
520,09:44:30,3332.86,100
521,09:44:29,3333.46,172
522,09:44:29,3333.46,114
523,09:44:24,3334.405,500
524,09:44:24,3334.405,111
525,09:44:22,3333.43,100
526,09:44:20,3333.23,100
527,09:44:20,3333.38,100
528,09:44:15,3331.0001,200
529,09:44:14,3332.63,100
530,09:44:13,3331.2713,300
531,09:44:02,3331.85,100
532,09:43:55,3333.41,107
533,09:43:49,3332.379,729
534,09:43:43,3334.135,100
535,09:43:43,3333.27,100
536,09:43:43,3333.27,100
537,09:43:42,3334.0,100
538,09:43:40,3334.8319,199
539,09:43:40,3334.8319,270
540,09:43:30,3335.0,100
541,09:43:26,3333.91,100
542,09:43:21,3332.22,100
543,09:43:19,3332.0852,100
544,09:43:19,3330.31,100
545,09:43:18,3332.0,100
546,09:43:18,3332.0,100
547,09:43:18,3332.0,164
548,09:43:16,3332.335,100
549,09:43:14,3332.665,150
550,09:43:10,3333.15,100
551,09:43:09,3334.22,100
552,09:43:09,3334.18,100
553,09:43:09,3334.16,100
554,09:43:09,3334.16,100
555,09:43:07,3335.0,100
556,09:43:04,3334.985,500
557,09:43:02,3334.03,100
558,09:43:02,3334.03,100
559,09:43:02,3334.985,100
560,09:42:54,3335.945,227
561,09:42:53,3335.1314,301
562,09:42:52,3336.5897,323
563,09:42:52,3335.7,100
564,09:42:49,3335.98,100
565,09:42:47,3335.105,100
566,09:42:27,3335.34,100
567,09:42:16,3336.52,100
568,09:42:16,3335.66,100
569,09:42:16,3335.64,100
570,09:42:07,3337.5,100
571,09:42:07,3337.4735,200
572,09:42:04,3336.755,1250
573,09:42:02,3336.94,100
574,09:41:55,3336.35,100
575,09:41:50,3337.36,100
576,09:41:49,3338.4,100
577,09:41:47,3337.3925,100
578,09:41:47,3337.3925,100
579,09:41:46,3338.72,100
580,09:41:42,3338.2408,248
581,09:41:42,3338.34,100
582,09:41:42,3338.34,100
583,09:41:42,3338.73,100
584,09:41:42,3338.74,100
585,09:41:42,3338.34,100
586,09:41:42,3338.74,100
587,09:41:42,3338.34,100
588,09:41:42,3338.74,100
589,09:41:42,3338.74,100
590,09:41:42,3338.34,100
591,09:41:42,3338.16,100
592,09:41:42,3338.56,100
593,09:41:41,3337.78,1250
594,09:41:39,3336.2947,754
595,09:41:39,3335.6358,300
596,09:41:36,3334.0612,256
597,09:41:34,3334.43,105
598,09:41:34,3334.4992,100
599,09:41:34,3334.1,100
600,09:41:34,3335.71,129
601,09:41:34,3335.31,129
602,09:41:34,3335.81,100
603,09:41:34,3335.85,100
604,09:41:34,3335.81,100
605,09:41:34,3335.36,100
606,09:41:34,3335.41,100
607,09:41:34,3335.45,100
608,09:41:34,3335.42,100
609,09:41:34,3335.41,100
610,09:41:34,3335.81,100
611,09:41:34,3336.03,100
612,09:41:34,3336.01,100
613,09:41:34,3335.63,100
614,09:41:34,3336.78,100
615,09:41:33,3335.79,798
616,09:41:33,3336.0942,100
617,09:41:33,3335.92,100
618,09:41:28,3335.3301,400
619,09:41:28,3336.7993,225
620,09:41:27,3335.99,100
621,09:41:25,3335.225,120
622,09:41:19,3335.7887,100
623,09:41:19,3335.99,100
624,09:41:16,3333.05,100
625,09:41:16,3333.05,400
626,09:41:14,3333.0,100
627,09:41:14,3333.82,100
628,09:41:09,3333.0,194
629,09:41:09,3333.0,100
630,09:41:09,3333.0,100
631,09:41:06,3333.625,100
632,09:41:05,3334.18,100
633,09:40:59,3333.96,100
634,09:40:59,3335.825,100
635,09:40:59,3335.87,100
636,09:40:58,3333.0,185
637,09:40:57,3334.745,100
638,09:40:52,3335.17,100
639,09:40:49,3334.0,300
640,09:40:44,3334.63,100
641,09:40:39,3332.1099,100
642,09:40:38,3330.36,100
643,09:40:38,3330.31,100
644,09:40:38,3330.31,100
645,09:40:38,3330.55,100
646,09:40:38,3330.3,100
647,09:40:34,3330.0,100
648,09:40:34,3330.0,100
649,09:40:31,3332.73,500
650,09:40:31,3333.28,100
651,09:40:27,3330.05,218
652,09:40:26,3330.0,123
653,09:40:26,3330.0,125
654,09:40:26,3330.0,380
655,09:40:26,3330.0,184
656,09:40:26,3330.0,100
657,09:40:26,3330.0,100
658,09:40:26,3330.0,125
659,09:40:26,3330.0,125
660,09:40:26,3330.0,107
661,09:40:26,3330.0,125
662,09:40:26,3330.11,100
663,09:40:26,3330.0,100
664,09:40:26,3330.0,152
665,09:40:24,3330.83,100
666,09:40:23,3330.9002,300
667,09:40:22,3330.595,200
668,09:40:22,3330.855,100
669,09:40:21,3331.7801,100
670,09:40:21,3332.255,350
671,09:40:21,3332.255,100
672,09:40:20,3331.69,100
673,09:40:20,3332.14,100
674,09:40:20,3332.14,100
675,09:40:20,3332.73,1212
676,09:40:18,3332.52,100
677,09:40:18,3332.21,100
678,09:40:18,3332.21,100
679,09:40:18,3332.14,100
680,09:40:16,3332.98,100
681,09:40:14,3332.14,100
682,09:40:14,3331.7787,100
683,09:40:13,3331.09,100
684,09:40:13,3331.08,100
685,09:40:09,3331.27,100
686,09:40:09,3331.27,100
687,09:40:09,3332.0286,100
688,09:40:08,3331.27,100
689,09:40:08,3331.84,100
690,09:40:08,3331.84,100
691,09:40:05,3332.868,110
692,09:40:05,3333.03,120
693,09:40:04,3333.0,100
694,09:40:03,3333.21,100
695,09:40:02,3334.0,200
696,09:39:58,3335.0,100
697,09:39:58,3335.0,500
698,09:39:58,3335.0,100
699,09:39:57,3336.14,500
700,09:39:53,3336.56,100
701,09:39:47,3336.1275,100
702,09:39:47,3335.05,100
703,09:39:47,3336.9,100
704,09:39:47,3336.32,100
705,09:39:44,3336.01,100
706,09:39:40,3337.96,150
707,09:39:40,3337.93,100
708,09:39:38,3337.85,100
709,09:39:38,3337.55,100
710,09:39:38,3336.05,100
711,09:39:38,3337.1097,244
712,09:39:34,3337.345,100
713,09:39:34,3337.345,100
714,09:39:33,3336.05,100
715,09:39:33,3337.0,100
716,09:39:33,3337.56,100
717,09:39:33,3337.17,100
718,09:39:33,3337.42,100
719,09:39:33,3338.005,100
720,09:39:31,3338.04,100
721,09:39:27,3337.2941,270
722,09:39:26,3339.06,100
723,09:39:26,3338.63,100
724,09:39:21,3337.11,100
725,09:39:12,3337.145,100
726,09:39:03,3336.04,100
727,09:39:03,3336.8,100
728,09:39:03,3336.22,100
729,09:38:58,3336.43,100
730,09:38:55,3336.69,100
731,09:38:55,3336.56,100
732,09:38:55,3336.56,100
733,09:38:53,3335.99,100
734,09:38:53,3335.98,100
735,09:38:45,3335.5675,100
736,09:38:45,3335.45,100
737,09:38:45,3335.29,100
738,09:38:43,3336.56,100
739,09:38:42,3336.55,100
740,09:38:39,3335.43,101
741,09:38:37,3334.91,100
742,09:38:37,3334.97,100
743,09:38:33,3335.0,100
744,09:38:30,3334.6558,355
745,09:38:22,3335.0,100
746,09:38:21,3333.8149,210
747,09:38:21,3335.0,100
748,09:38:15,3333.58,1250
749,09:38:12,3334.4752,500
750,09:38:09,3333.7,100
751,09:38:09,3334.28,100
752,09:38:08,3333.7,100
753,09:38:08,3334.0,100
754,09:38:06,3332.85,100
755,09:38:06,3331.5762,244
756,09:38:06,3332.94,100
757,09:38:06,3332.93,100
758,09:38:05,3332.88,100
759,09:38:05,3330.825,200
760,09:38:05,3332.765,100
761,09:38:05,3331.5,100
762,09:38:03,3331.06,100
763,09:38:01,3331.3601,250
764,09:37:59,3331.8275,100
765,09:37:59,3331.16,100
766,09:37:55,3332.045,200
767,09:37:54,3332.0476,385
768,09:37:50,3332.3,100
769,09:37:50,3332.63,100
770,09:37:49,3332.98,100
771,09:37:49,3332.98,100
772,09:37:49,3332.98,100
773,09:37:49,3332.98,100
774,09:37:49,3332.9,100
775,09:37:44,3332.96,100
776,09:37:43,3333.0,100
777,09:37:43,3333.0,196
778,09:37:43,3333.0,100
779,09:37:41,3333.47,100
780,09:37:40,3333.95,100
781,09:37:35,3333.43,100
782,09:37:35,3333.45,100
783,09:37:34,3335.0,144
784,09:37:33,3335.92,100
785,09:37:32,3335.48,100
786,09:37:32,3335.38,100
787,09:37:29,3335.0,134
788,09:37:29,3335.0,100
789,09:37:28,3335.6875,100
790,09:37:28,3335.18,100
791,09:37:15,3334.265,100
792,09:37:13,3333.8169,1250
793,09:37:12,3334.485,1250
794,09:37:12,3333.79,100
795,09:37:12,3334.485,100
796,09:37:12,3334.92,100
797,09:37:12,3335.0,115
798,09:37:12,3334.9,100
799,09:37:11,3335.835,100
800,09:37:11,3335.18,100
801,09:37:11,3335.02,100
802,09:37:11,3335.0,100
803,09:37:03,3336.72,100
804,09:37:03,3336.67,100
805,09:37:03,3337.39,100
806,09:37:01,3337.92,100
807,09:36:57,3335.2762,300
808,09:36:49,3335.7587,200
809,09:36:45,3337.0,100
810,09:36:45,3336.01,100
811,09:36:45,3335.83,100
812,09:36:45,3335.99,100
813,09:36:44,3335.53,100
814,09:36:44,3334.495,149
815,09:36:44,3335.965,100
816,09:36:43,3335.4504,1175
817,09:36:42,3334.6,100
818,09:36:42,3334.9,100
819,09:36:41,3334.915,150
820,09:36:41,3334.0111,194
821,09:36:41,3334.0111,253
822,09:36:41,3334.065,113
823,09:36:39,3334.14,100
824,09:36:39,3333.85,100
825,09:36:39,3333.84,100
826,09:36:39,3333.83,100
827,09:36:39,3334.95,100
828,09:36:37,3334.85,100
829,09:36:35,3336.0,100
830,09:36:35,3336.0,100
831,09:36:35,3335.64,104
832,09:36:33,3334.4335,200
833,09:36:32,3334.75,100
834,09:36:31,3335.18,100
835,09:36:28,3334.24,100
836,09:36:26,3335.08,100
837,09:36:26,3334.19,100
838,09:36:26,3334.185,100
839,09:36:26,3334.34,100
840,09:36:20,3332.87,100
841,09:36:20,3332.98,135
842,09:36:19,3332.7904,300
843,09:36:19,3332.35,100
844,09:36:18,3332.04,100
845,09:36:18,3332.01,100
846,09:36:18,3332.73,100
847,09:36:18,3333.01,100
848,09:36:18,3333.0,182
849,09:36:18,3333.0,100
850,09:36:18,3333.0,200
851,09:36:18,3333.0,100
852,09:36:18,3333.0,100
853,09:36:18,3333.0,100
854,09:36:18,3333.0,218
855,09:36:17,3333.11,150
856,09:36:17,3333.55,100
857,09:36:17,3333.55,100
858,09:36:17,3333.561,194
859,09:36:14,3334.125,100
860,09:36:09,3333.55,100
861,09:36:09,3334.16,100
862,09:36:08,3334.16,100
863,09:36:08,3334.16,200
864,09:36:06,3334.39,100
865,09:36:06,3334.39,100
866,09:36:06,3334.03,100
867,09:36:06,3334.03,100
868,09:36:06,3334.83,102
869,09:36:06,3334.83,276
870,09:36:05,3334.04,100
871,09:36:05,3334.75,100
872,09:36:05,3334.85,100
873,09:36:05,3334.67,100
874,09:36:04,3335.42,100
875,09:36:02,3336.0,100
876,09:36:02,3337.6,100
877,09:36:01,3337.1867,100
878,09:35:58,3337.73,143
879,09:35:56,3336.915,100
880,09:35:56,3337.06,100
881,09:35:55,3336.9,100
882,09:35:49,3337.56,100
883,09:35:48,3337.133,500
884,09:35:47,3336.59,100
885,09:35:47,3337.25,100
886,09:35:47,3337.85,100
887,09:35:45,3338.67,100
888,09:35:38,3338.465,100
889,09:35:38,3337.69,100
890,09:35:36,3338.79,101
891,09:35:36,3338.592,101
892,09:35:36,3338.592,100
893,09:35:36,3338.76,100
894,09:35:36,3338.59,100
895,09:35:35,3338.095,100
896,09:35:35,3337.6,100
897,09:35:35,3338.15,100
898,09:35:35,3337.2782,225
899,09:35:35,3337.17,100
900,09:35:34,3336.7635,100
901,09:35:33,3337.1706,200
902,09:35:32,3337.43,100
903,09:35:31,3337.875,200
904,09:35:27,3337.935,100
905,09:35:25,3338.0,200
906,09:35:25,3338.825,100
907,09:35:25,3339.015,100
908,09:35:24,3338.9,100
909,09:35:24,3339.015,100
910,09:35:23,3340.0,100
911,09:35:23,3340.0,100
912,09:35:23,3340.0,100
913,09:35:23,3340.0,100
914,09:35:21,3340.02,500
915,09:35:20,3340.445,100
916,09:35:17,3341.5199,200
917,09:35:16,3341.03,100
918,09:35:15,3341.25,100
919,09:35:15,3341.52,100
920,09:35:15,3341.52,115
921,09:35:15,3340.97,100
922,09:35:15,3341.408,500
923,09:35:14,3342.08,100
924,09:35:10,3342.85,100
925,09:35:02,3345.0,400
926,09:35:01,3344.83,100
927,09:35:00,3344.57,300
928,09:35:00,3345.0,100
929,09:34:54,3345.84,100
930,09:34:52,3344.535,306
931,09:34:41,3345.58,100
932,09:34:41,3347.48,100
933,09:34:38,3343.45,100
934,09:34:38,3343.57,100
935,09:34:34,3345.28,100
936,09:34:29,3344.76,100
937,09:34:20,3347.0,100
938,09:34:19,3346.0,100
939,09:34:19,3346.0,239
940,09:34:19,3346.0,100
941,09:34:16,3345.5,185
942,09:34:16,3345.345,100
943,09:34:15,3344.97,137
944,09:34:07,3344.28,100
945,09:34:06,3345.165,100
946,09:34:06,3344.55,100
947,09:34:06,3346.265,100
948,09:34:06,3345.79,100
949,09:34:00,3345.0,100
950,09:33:54,3344.0,317
951,09:33:54,3344.0,100
952,09:33:54,3344.0,100
953,09:33:45,3343.4652,245
954,09:33:45,3341.7058,200
955,09:33:45,3340.83,100
956,09:33:44,3340.83,108
957,09:33:44,3341.375,100
958,09:33:42,3341.83,103
959,09:33:42,3341.89,100
960,09:33:41,3342.71,100
961,09:33:40,3342.78,100
962,09:33:37,3344.9999,250
963,09:33:34,3344.25,100
964,09:33:33,3344.0332,119
965,09:33:31,3341.8301,200
966,09:33:28,3344.76,100
967,09:33:22,3347.47,100
968,09:33:15,3344.9,108
969,09:33:09,3344.5462,100
970,09:33:02,3347.94,100
971,09:33:02,3347.84,100
972,09:33:00,3347.632,100
973,09:33:00,3347.52,100
974,09:33:00,3347.3,100
975,09:32:59,3347.95,100
976,09:32:59,3347.35,100
977,09:32:59,3344.966,100
978,09:32:59,3344.95,100
979,09:32:59,3344.12,100
980,09:32:59,3345.0,776
981,09:32:59,3342.23,100
982,09:32:59,3342.57,100
983,09:32:59,3342.54,100
984,09:32:59,3342.5,100
985,09:32:59,3342.9,100
986,09:32:59,3342.94,100
987,09:32:57,3343.783,103
988,09:32:56,3341.94,100
989,09:32:56,3340.0001,100
990,09:32:55,3341.05,100
991,09:32:55,3340.363,150
992,09:32:54,3340.42,100
993,09:32:53,3340.7841,400
994,09:32:52,3340.0,100
995,09:32:52,3340.0,100
996,09:32:52,3340.0,100
997,09:32:52,3340.01,100
998,09:32:52,3340.01,100
999,09:32:51,3340.0,100
1000,09:32:50,3341.0,100
1001,09:32:49,3340.01,100
1002,09:32:49,3340.01,100
1003,09:32:49,3340.06,100
1004,09:32:49,3340.5,100
1005,09:32:49,3341.63,100
1006,09:32:49,3343.76,156
1007,09:32:48,3344.87,100
1008,09:32:48,3344.91,100
1009,09:32:48,3344.95,100
1010,09:32:48,3343.5,100
1011,09:32:48,3343.0,100
1012,09:32:46,3341.452,100
1013,09:32:43,3340.01,100
1014,09:32:42,3340.415,100
1015,09:32:42,3340.08,155
1016,09:32:42,3340.315,100
1017,09:32:42,3340.255,100
1018,09:32:39,3342.02,100
1019,09:32:39,3343.995,1250
1020,09:32:38,3341.28,100
1021,09:32:38,3341.0,100
1022,09:32:38,3341.05,100
1023,09:32:38,3340.01,260
1024,09:32:38,3340.02,100
1025,09:32:38,3340.29,100
1026,09:32:38,3340.291,200
1027,09:32:38,3341.02,100
1028,09:32:38,3341.765,100
1029,09:32:38,3341.765,100
1030,09:32:37,3341.14,102
1031,09:32:37,3342.46,100
1032,09:32:37,3342.38,151
1033,09:32:37,3342.38,152
1034,09:32:37,3342.52,100
1035,09:32:37,3342.51,198
1036,09:32:36,3344.7,100
1037,09:32:36,3345.49,100
1038,09:32:30,3343.21,100
1039,09:32:27,3345.77,100
1040,09:32:27,3345.69,100
1041,09:32:27,3345.45,100
1042,09:32:27,3345.38,100
1043,09:32:27,3345.77,100
1044,09:32:26,3346.42,100
1045,09:32:26,3344.0,400
1046,09:32:26,3345.62,100
1047,09:32:26,3345.44,100
1048,09:32:23,3345.69,100
1049,09:32:23,3343.02,100
1050,09:32:21,3344.12,100
1051,09:32:21,3342.5,300
1052,09:32:19,3343.37,199
1053,09:32:18,3344.05,100
1054,09:32:17,3346.0,100
1055,09:32:13,3346.0328,100
1056,09:32:12,3345.89,100
1057,09:32:08,3344.0001,100
1058,09:32:05,3344.78,100
1059,09:32:03,3345.0,403
1060,09:32:02,3345.04,100
1061,09:32:02,3345.99,100
1062,09:32:01,3345.07,100
1063,09:32:01,3345.1,100
1064,09:32:00,3345.69,100
1065,09:31:58,3344.28,100
1066,09:31:56,3345.6528,750
1067,09:31:56,3344.315,200
1068,09:31:56,3344.305,100
1069,09:31:56,3344.405,100
1070,09:31:53,3346.6913,100
1071,09:31:51,3345.62,100
1072,09:31:50,3344.95,100
1073,09:31:50,3344.965,500
1074,09:31:48,3345.6885,100
1075,09:31:46,3345.23,100
1076,09:31:46,3345.04,100
1077,09:31:45,3346.9999,100
1078,09:31:41,3346.0,1000
1079,09:31:33,3343.0,100
1080,09:31:33,3343.88,100
1081,09:31:32,3345.0223,100
1082,09:31:31,3344.75,255
1083,09:31:30,3344.75,100
1084,09:31:25,3344.73,100
1085,09:31:25,3345.16,100
1086,09:31:25,3345.185,100
1087,09:31:25,3345.54,100
1088,09:31:23,3346.124,100
1089,09:31:23,3346.28,100
1090,09:31:23,3347.0,100
1091,09:31:23,3347.0,300
1092,09:31:23,3347.58,100
1093,09:31:22,3348.42,100
1094,09:31:21,3348.42,100
1095,09:31:21,3348.41,100
1096,09:31:21,3350.0,100
1097,09:31:21,3348.0001,100
1098,09:31:20,3348.0617,300
1099,09:31:19,3349.87,100
1100,09:31:19,3350.0,100
1101,09:31:18,3348.0,900
1102,09:31:18,3348.0,100
1103,09:31:18,3348.01,100
1104,09:31:16,3347.0,100
1105,09:31:14,3344.3993,265
1106,09:31:12,3344.775,150
1107,09:31:11,3345.52,100
1108,09:31:07,3345.6625,131
1109,09:31:05,3347.0,200
1110,09:31:04,3346.5,100
1111,09:31:02,3342.38,100
1112,09:31:00,3344.0,100
1113,09:30:59,3343.405,100
1114,09:30:59,3346.54,100
1115,09:30:59,3346.54,100
1116,09:30:59,3346.06,100
1117,09:30:57,3345.97,100
1118,09:30:56,3343.9551,123
1119,09:30:55,3344.54,100
1120,09:30:54,3344.5399,600
1121,09:30:54,3344.5399,1100
1122,09:30:54,3344.17,100
1123,09:30:54,3344.4,100
1124,09:30:54,3342.565,100
1125,09:30:54,3344.0,100
1126,09:30:53,3345.0,100
1127,09:30:53,3342.43,145
1128,09:30:53,3342.5,100
1129,09:30:53,3342.56,100
1130,09:30:53,3342.6,100
1131,09:30:51,3344.02,100
1132,09:30:50,3344.27,100
1133,09:30:48,3345.97,100
1134,09:30:47,3344.0,150
1135,09:30:47,3344.8,130
1136,09:30:47,3344.8,170
1137,09:30:47,3344.81,170
1138,09:30:47,3345.0,559
1139,09:30:47,3345.0,100
1140,09:30:47,3345.0,140
1141,09:30:47,3345.0,142
1142,09:30:47,3345.0,108
1143,09:30:47,3345.0,100
1144,09:30:46,3346.04,100
1145,09:30:46,3348.0001,100
1146,09:30:45,3349.0,100
1147,09:30:45,3349.0,238
1148,09:30:45,3350.0,106
1149,09:30:45,3350.0,126
1150,09:30:45,3350.0,100
1151,09:30:45,3349.81,100
1152,09:30:45,3350.0,100
1153,09:30:45,3350.0,150
1154,09:30:45,3350.0,112
1155,09:30:45,3350.0,100
1156,09:30:45,3350.01,100
1157,09:30:45,3350.0,100
1158,09:30:45,3350.0,143
1159,09:30:45,3350.0,100
1160,09:30:45,3350.0,125
1161,09:30:45,3350.0,100
1162,09:30:44,3350.8161,100
1163,09:30:43,3351.0,274
1164,09:30:43,3352.28,100
1165,09:30:40,3352.67,100
1166,09:30:38,3351.95,100
1167,09:30:38,3351.9501,1000
1168,09:30:37,3357.0,100
1169,09:30:37,3354.34,104
1170,09:30:36,3354.99,100
1171,09:30:36,3352.22,100
1172,09:30:35,3352.51,100
1173,09:30:35,3352.51,100
1174,09:30:35,3354.33,100
1175,09:30:35,3354.21,100
1176,09:30:35,3353.49,100
1177,09:30:34,3355.0,689
1178,09:30:34,3355.01,100
1179,09:30:33,3355.48,100
1180,09:30:32,3356.22,100
1181,09:30:32,3356.32,100
1182,09:30:32,3354.33,100
1183,09:30:32,3352.32,100
1184,09:30:32,3358.44,140
1185,09:30:28,3354.34,105
1186,09:30:26,3355.0,100
1187,09:30:26,3355.16,100
1188,09:30:24,3355.84,100
1189,09:30:24,3356.0,266
1190,09:30:23,3355.59,116
1191,09:30:23,3356.37,100
1192,09:30:23,3357.08,100
1193,09:30:23,3357.08,100
1194,09:30:23,3358.395,100
1195,09:30:23,3358.395,100
1196,09:30:22,3358.395,100
1197,09:30:21,3356.95,100
1198,09:30:16,3355.345,100
1199,09:30:16,3354.665,100
1200,09:30:16,3355.48,100
1201,09:30:16,3355.455,100
1202,09:30:16,3355.255,100
1203,09:30:16,3355.325,100
1204,09:30:16,3354.64,100
1205,09:30:16,3355.43,100
1206,09:30:16,3357.32,100
1207,09:30:16,3357.32,100
1208,09:30:15,3357.33,100
1209,09:30:14,3356.96,100
1210,09:30:11,3357.83,100
1211,09:30:11,3358.92,100
1212,09:30:11,3357.81,100
1213,09:30:11,3357.82,100
1214,09:30:11,3358.0,100
1215,09:30:11,3357.92,100
1216,09:30:11,3357.53,520
1217,09:30:11,3357.25,100
1218,09:30:11,3357.25,100
1219,09:30:11,3356.96,134
1220,09:30:11,3356.94,100
1221,09:30:11,3356.745,100
1222,09:30:11,3356.91,100
1223,09:30:11,3354.67,100
1224,09:30:10,3355.8,400
1225,09:30:10,3355.8,100
1226,09:30:09,3355.8,100
1227,09:30:09,3355.8,100
1228,09:30:08,3355.8,100
1229,09:30:07,3355.14,100
1230,09:30:06,3356.025,100
1231,09:30:05,3356.96,100
1232,09:30:05,3356.38,100
1233,09:30:05,3355.0,100
1234,09:30:05,3355.0,300
1235,09:30:05,3356.73,100
1236,09:30:05,3354.99,127
1237,09:30:05,3354.99,100
1238,09:30:05,3354.58,127
1239,09:30:05,3354.53,100
1240,09:30:03,3356.96,100
1241,09:30:03,3355.0,141
1242,09:30:02,3355.44,100
1243,09:30:02,3355.45,150
1244,09:30:02,3353.1,3
1245,09:30:02,3353.1,3
1246,09:30:02,3353.1,2
1247,09:30:02,3353.1,4
1248,09:30:02,3353.1,2
1249,09:30:02,3353.1,1
1250,09:30:02,3353.1,2
1251,09:30:02,3353.1,3
1252,09:30:02,3353.1,2
1253,09:30:02,3353.1,2
1254,09:30:02,3353.1,1
1255,09:30:02,3353.1,3
1256,09:30:02,3353.1,1
1257,09:30:02,3353.1,3
1258,09:30:02,3353.1,2
1259,09:30:02,3353.1,3
1260,09:30:02,3353.1,2
1261,09:30:02,3353.1,2
1262,09:30:02,3353.1,3
1263,09:30:02,3353.1,3
1264,09:30:02,3353.1,1
1265,09:30:02,3353.1,1
1266,09:30:02,3353.1,2
1267,09:30:02,3353.1,1
1268,09:30:02,3353.1,4
1269,09:30:02,3353.1,30
1270,09:30:02,3353.1,50
1271,09:30:02,3353.1,4
1272,09:30:02,3353.1,2
1273,09:30:02,3353.1,3
1274,09:30:02,3353.1,2
1275,09:30:02,3353.1,2
1276,09:30:02,3353.1,2
1277,09:30:02,3353.1,3
1278,09:30:02,3353.1,2
1279,09:30:02,3353.1,2
1280,09:30:02,3353.1,3
1281,09:30:02,3353.1,10
1282,09:30:02,3353.1,1
1283,09:30:02,3353.1,3
1284,09:30:02,3353.1,2
1285,09:30:02,3353.1,2
1286,09:30:02,3353.1,3
1287,09:30:02,3353.1,1
1288,09:30:02,3353.1,2
1289,09:30:02,3353.1,3
1290,09:30:02,3353.1,2
1291,09:30:02,3353.1,4
1292,09:30:02,3353.1,5
1293,09:30:02,3353.1,1
1294,09:30:02,3353.1,3
1295,09:30:02,3353.1,1
1296,09:30:02,3353.1,3
1297,09:30:02,3353.1,3
1298,09:30:02,3353.1,3
1299,09:30:02,3353.1,2
1300,09:30:02,3353.1,2
1301,09:30:02,3353.1,3
1302,09:30:02,3353.1,3
1303,09:30:02,3353.1,3
1304,09:30:02,3353.1,2
1305,09:30:02,3353.1,7
1306,09:30:02,3353.1,1
1307,09:30:02,3353.1,1
1308,09:30:02,3353.1,3
1309,09:30:02,3353.1,2
1310,09:30:02,3353.1,1
1311,09:30:02,3353.1,2
1312,09:30:02,3353.1,7
1313,09:30:02,3353.1,5
1314,09:30:02,3353.1,2
1315,09:30:02,3353.1,3
1316,09:30:02,3353.1,10
1317,09:30:02,3353.1,10
1318,09:30:02,3353.1,2
1319,09:30:02,3353.1,9
1320,09:30:02,3353.1,9
1321,09:30:02,3353.1,10
1322,09:30:02,3353.1,17
1323,09:30:02,3353.1,5
1324,09:30:02,3353.1,2
1325,09:30:02,3353.1,100
1326,09:30:02,3353.1,2
1327,09:30:02,3353.1,22
1328,09:30:02,3353.1,30
1329,09:30:02,3353.1,1
1330,09:30:02,3353.1,12
1331,09:30:02,3353.1,15
1332,09:30:02,3353.1,2000
1333,09:30:02,3353.1,15
1334,09:30:02,3353.1,15
1335,09:30:02,3353.1,20
1336,09:30:02,3353.1,40
1337,09:30:02,3353.1,25
1338,09:30:02,3353.1,30
1339,09:30:02,3353.1,30
1340,09:30:02,3353.1,1
1341,09:30:02,3353.1,2
1342,09:30:02,3353.1,10
1343,09:30:02,3353.1,14
1344,09:30:02,3353.1,2
1345,09:30:02,3353.1,15
1346,09:30:02,3353.1,12
1347,09:30:02,3353.1,1
1348,09:30:02,3353.1,1
1349,09:30:02,3353.1,4
1350,09:30:02,3353.1,5
1351,09:30:02,3353.1,60
1352,09:30:02,3353.1,7
1353,09:30:02,3353.1,2
1354,09:30:02,3353.1,1
1355,09:30:02,3353.1,3
1356,09:30:02,3353.1,2
1357,09:30:02,3353.1,4
1358,09:30:02,3353.1,3
1359,09:30:02,3353.1,10
1360,09:30:02,3353.1,10
1361,09:30:02,3353.1,3
1362,09:30:02,3353.1,3
1363,09:30:02,3353.1,1
1364,09:30:02,3353.1,1
1365,09:30:02,3353.1,1
1366,09:30:02,3353.1,2
1367,09:30:02,3353.1,1
1368,09:30:02,3353.1,7
1369,09:30:02,3353.1,15
1370,09:30:02,3353.1,30
1371,09:30:02,3353.1,15
1372,09:30:02,3353.1,20
1373,09:30:02,3353.1,4
1374,09:30:02,3353.1,15
1375,09:30:02,3353.1,6
1376,09:30:02,3353.1,15
1377,09:30:02,3353.1,10
1378,09:30:02,3353.1,120
1379,09:30:02,3353.1,15
1380,09:30:02,3353.1,10
1381,09:30:02,3353.1,4
1382,09:30:02,3353.1,16
1383,09:30:02,3353.1,4
1384,09:30:02,3353.1,11
1385,09:30:02,3353.1,1
1386,09:30:02,3353.1,20
1387,09:30:02,3353.1,20
1388,09:30:02,3353.1,20
1389,09:30:02,3353.1,10
1390,09:30:02,3353.1,5
1391,09:30:02,3353.1,30
1392,09:30:02,3353.1,1
1393,09:30:02,3353.1,1
1394,09:30:02,3353.1,20
1395,09:30:02,3353.1,30
1396,09:30:02,3353.1,1
1397,09:30:02,3353.1,4
1398,09:30:02,3353.1,4
1399,09:30:02,3353.1,45
1400,09:30:02,3353.1,1
1401,09:30:02,3353.1,1
1402,09:30:02,3353.1,3
1403,09:30:02,3353.1,30
1404,09:30:02,3353.1,2
1405,09:30:02,3353.1,1
1406,09:30:02,3353.1,15
1407,09:30:02,3353.1,6
1408,09:30:02,3353.1,2
1409,09:30:02,3353.1,1
1410,09:30:02,3353.1,36
1411,09:30:02,3353.1,1
1412,09:30:02,3353.1,50
1413,09:30:02,3353.1,15
1414,09:30:02,3353.1,3
1415,09:30:02,3353.1,4
1416,09:30:02,3353.1,1
1417,09:30:02,3353.1,1
1418,09:30:02,3353.1,1
1419,09:30:02,3353.1,20
1420,09:30:02,3353.1,27
1421,09:30:02,3353.1,1
1422,09:30:02,3353.1,1
1423,09:30:02,3353.1,6
1424,09:30:02,3353.1,100
1425,09:30:02,3353.1,5
1426,09:30:02,3353.1,15
1427,09:30:02,3353.1,5
1428,09:30:02,3353.1,2
1429,09:30:02,3353.1,46
1430,09:30:02,3353.1,30
1431,09:30:02,3353.1,10
1432,09:30:02,3353.1,20
1433,09:30:02,3353.1,2
1434,09:30:02,3353.1,100
1435,09:30:02,3353.1,1
1436,09:30:02,3353.1,2
1437,09:30:02,3353.1,7
1438,09:30:02,3353.1,300
1439,09:30:02,3353.1,1
1440,09:30:02,3353.1,1
1441,09:30:02,3353.1,7
1442,09:30:02,3353.1,22
1443,09:30:02,3353.1,50
1444,09:30:02,3353.1,30
1445,09:30:02,3353.1,30
1446,09:30:02,3353.1,5
1447,09:30:02,3353.1,4
1448,09:30:02,3353.1,9
1449,09:30:02,3353.1,1
1450,09:30:02,3353.1,3
1451,09:30:02,3353.1,5
1452,09:30:02,3353.1,1
1453,09:30:02,3353.1,3
1454,09:30:02,3353.1,1
1455,09:30:02,3353.1,45
1456,09:30:02,3353.1,2
1457,09:30:02,3353.1,9
1458,09:30:02,3353.1,3
1459,09:30:02,3353.1,15
1460,09:30:02,3353.1,15
1461,09:30:02,3353.1,2
1462,09:30:02,3353.1,81
1463,09:30:02,3353.1,12
1464,09:30:02,3353.1,10
1465,09:30:02,3353.1,14
1466,09:30:02,3353.1,9
1467,09:30:02,3353.1,18
1468,09:30:02,3353.1,1
1469,09:30:02,3353.1,3
1470,09:30:02,3353.1,5
1471,09:30:02,3353.1,1
1472,09:30:02,3353.1,1
1473,09:30:02,3353.1,180
1474,09:30:02,3353.1,8
1475,09:30:02,3353.1,1
1476,09:30:02,3353.1,700
1477,09:30:02,3353.1,1
1478,09:30:02,3353.1,1
1479,09:30:02,3353.1,1
1480,09:30:02,3353.1,15
1481,09:30:02,3353.1,57
1482,09:30:02,3353.1,4
1483,09:30:02,3353.1,25
1484,09:30:02,3353.1,4
1485,09:30:02,3353.1,2
1486,09:30:02,3353.1,20
1487,09:30:02,3353.1,28
1488,09:30:02,3353.1,1
1489,09:30:02,3353.1,94
1490,09:30:02,3353.1,44
1491,09:30:02,3353.1,2
1492,09:30:02,3353.1,8
1493,09:30:02,3353.1,6
1494,09:30:02,3353.1,1
1495,09:30:02,3353.1,1
1496,09:30:02,3353.1,60
1497,09:30:02,3353.1,12
1498,09:30:02,3353.1,3
1499,09:30:02,3353.1,1
1500,09:30:02,3353.1,1
1501,09:30:02,3353.1,10
1502,09:30:02,3353.1,2
1503,09:30:02,3353.1,2
1504,09:30:02,3353.1,3
1505,09:30:02,3353.1,1
1506,09:30:02,3353.1,1
1507,09:30:02,3353.1,1
1508,09:30:02,3353.1,1
1509,09:30:02,3353.1,1
1510,09:30:02,3353.1,1
1511,09:30:02,3353.1,1
1512,09:30:02,3353.1,1
1513,09:30:02,3353.1,5
1514,09:30:02,3353.1,4
1515,09:30:02,3353.1,1
1516,09:30:02,3353.1,1
1517,09:30:02,3353.1,7
1518,09:30:02,3353.1,4
1519,09:30:02,3353.1,1
1520,09:30:02,3353.1,2
1521,09:30:02,3353.1,23
1522,09:30:02,3353.1,1
1523,09:30:02,3353.1,1
1524,09:30:02,3353.1,4
1525,09:30:02,3353.1,1
1526,09:30:02,3353.1,1
1527,09:30:02,3353.1,1
1528,09:30:02,3353.1,1
1529,09:30:02,3353.1,1
1530,09:30:02,3353.1,2
1531,09:30:02,3353.1,2
1532,09:30:02,3353.1,2
1533,09:30:02,3353.1,1
1534,09:30:02,3353.1,3
1535,09:30:02,3353.1,2
1536,09:30:02,3353.1,2
1537,09:30:02,3353.1,5
1538,09:30:02,3353.1,1
1539,09:30:02,3353.1,1
1540,09:30:02,3353.1,15
1541,09:30:02,3353.1,1
1542,09:30:02,3353.1,13
1543,09:30:02,3353.1,7
1544,09:30:02,3353.1,2
1545,09:30:02,3353.1,6
1546,09:30:02,3353.1,2
1547,09:30:02,3353.1,1
1548,09:30:02,3353.1,1
1549,09:30:02,3353.1,1
1550,09:30:02,3353.1,10
1551,09:30:02,3353.1,3
1552,09:30:02,3353.1,3
1553,09:30:02,3353.1,1
1554,09:30:02,3353.1,10
1555,09:30:02,3353.1,10
1556,09:30:02,3353.1,5
1557,09:30:02,3353.1,20
1558,09:30:02,3353.1,2
1559,09:30:02,3353.1,35
1560,09:30:02,3353.1,24
1561,09:30:02,3353.1,9
1562,09:30:02,3353.1,2
1563,09:30:02,3353.1,30
1564,09:30:02,3353.1,12
1565,09:30:02,3353.1,10
1566,09:30:02,3353.1,2
1567,09:30:02,3353.1,10
1568,09:30:02,3353.1,30
1569,09:30:02,3353.1,150
1570,09:30:02,3353.1,1
1571,09:30:02,3353.1,3
1572,09:30:02,3353.1,9
1573,09:30:02,3353.1,11
1574,09:30:02,3353.1,4
1575,09:30:02,3353.1,1
1576,09:30:02,3353.1,5
1577,09:30:02,3353.1,2
1578,09:30:02,3353.1,15
1579,09:30:02,3353.1,2
1580,09:30:02,3353.1,1
1581,09:30:02,3353.1,1
1582,09:30:02,3353.1,1
1583,09:30:02,3353.1,2
1584,09:30:02,3353.1,1
1585,09:30:02,3353.1,1
1586,09:30:02,3353.1,1
1587,09:30:02,3353.1,1
1588,09:30:02,3353.1,1
1589,09:30:02,3353.1,1
1590,09:30:02,3353.1,2
1591,09:30:02,3353.1,2
1592,09:30:02,3353.1,1
1593,09:30:02,3353.1,1
1594,09:30:02,3353.1,1
1595,09:30:02,3353.1,1
1596,09:30:02,3353.1,1
1597,09:30:02,3353.1,1
1598,09:30:02,3353.1,1
1599,09:30:02,3353.1,22
1600,09:30:02,3353.1,1
1601,09:30:02,3353.1,2
1602,09:30:02,3353.1,3
1603,09:30:02,3353.1,2
1604,09:30:02,3353.1,4
1605,09:30:02,3353.1,3
1606,09:30:02,3353.1,1
1607,09:30:02,3353.1,2
1608,09:30:02,3353.1,1
1609,09:30:02,3353.1,1
1610,09:30:02,3353.1,3
1611,09:30:02,3353.1,2
1612,09:30:02,3353.1,3
1613,09:30:02,3353.1,1
1614,09:30:02,3353.1,1
1615,09:30:02,3353.1,1
1616,09:30:02,3353.1,8
1617,09:30:02,3353.1,4
1618,09:30:02,3353.1,5
1619,09:30:02,3353.1,4
1620,09:30:02,3353.1,3
1621,09:30:02,3353.1,4
1622,09:30:02,3353.1,1
1623,09:30:02,3353.1,1
1624,09:30:02,3353.1,35
1625,09:30:02,3353.1,30
1626,09:30:02,3353.1,1
1627,09:30:02,3353.1,2
1628,09:30:02,3353.1,6
1629,09:30:02,3353.1,2
1630,09:30:02,3353.1,4
1631,09:30:02,3353.1,1
1632,09:30:02,3353.1,7
1633,09:30:02,3353.1,1
1634,09:30:02,3353.1,3
1635,09:30:02,3353.1,3
1636,09:30:02,3353.1,5
1637,09:30:02,3353.1,3
1638,09:30:02,3353.1,1
1639,09:30:02,3353.1,1
1640,09:30:02,3353.1,1
1641,09:30:02,3353.1,1
1642,09:30:02,3353.1,1
1643,09:30:02,3353.1,1
1644,09:30:02,3353.1,1
1645,09:30:02,3353.1,6
1646,09:30:02,3353.1,6
1647,09:30:02,3353.1,1
1648,09:30:02,3353.1,3
1649,09:30:02,3353.1,4
1650,09:30:02,3353.1,1
1651,09:30:02,3353.1,1
1652,09:30:02,3353.1,1
1653,09:30:02,3353.1,1
1654,09:30:02,3353.1,2
1655,09:30:02,3353.1,2
1656,09:30:02,3353.1,5
1657,09:30:02,3353.1,2
1658,09:30:02,3353.1,1
1659,09:30:02,3353.1,1
1660,09:30:02,3353.1,2
1661,09:30:02,3353.1,1
1662,09:30:02,3353.1,1
1663,09:30:02,3353.1,6
1664,09:30:02,3353.1,1
1665,09:30:02,3353.1,6
1666,09:30:02,3353.1,1
1667,09:30:02,3353.1,1
1668,09:30:02,3353.1,6
1669,09:30:02,3353.1,1
1670,09:30:02,3353.1,1
1671,09:30:02,3353.1,4
1672,09:30:02,3353.1,2
1673,09:30:02,3353.1,1
1674,09:30:02,3353.1,1
1675,09:30:02,3353.1,3
1676,09:30:02,3353.1,1
1677,09:30:02,3353.1,1
1678,09:30:02,3353.1,5
1679,09:30:02,3353.1,1
1680,09:30:02,3353.1,1
1681,09:30:02,3353.1,3
1682,09:30:02,3353.1,4
1683,09:30:02,3353.1,1
1684,09:30:02,3353.1,1
1685,09:30:02,3353.1,2
1686,09:30:02,3353.1,1
1687,09:30:02,3353.1,2
1688,09:30:02,3353.1,10
1689,09:30:02,3353.1,2
1690,09:30:02,3353.1,1
1691,09:30:02,3353.1,1
1692,09:30:02,3353.1,1
1693,09:30:02,3353.1,20
1694,09:30:02,3353.1,2
1695,09:30:02,3353.1,1
1696,09:30:02,3353.1,1
1697,09:30:02,3353.1,2
1698,09:30:02,3353.1,1
1699,09:30:02,3353.1,6
1700,09:30:02,3353.1,1
1701,09:30:02,3353.1,1
1702,09:30:02,3353.1,1
1703,09:30:02,3353.1,1
1704,09:30:02,3353.1,2
1705,09:30:02,3353.1,8
1706,09:30:02,3353.1,3
1707,09:30:02,3353.1,3
1708,09:30:02,3353.1,18
1709,09:30:02,3353.1,1
1710,09:30:02,3353.1,7
1711,09:30:02,3353.1,1
1712,09:30:02,3353.1,3
1713,09:30:02,3353.1,1
1714,09:30:02,3353.1,9
1715,09:30:02,3353.1,1
1716,09:30:02,3353.1,3
1717,09:30:02,3353.1,1
1718,09:30:02,3353.1,1
1719,09:30:02,3353.1,7
1720,09:30:02,3353.1,3
1721,09:30:02,3353.1,1
1722,09:30:02,3353.1,1
1723,09:30:02,3353.1,150
1724,09:30:02,3353.1,1
1725,09:30:02,3353.1,1
1726,09:30:02,3353.1,1
1727,09:30:02,3353.1,1
1728,09:30:02,3353.1,1
1729,09:30:02,3353.1,2
1730,09:30:02,3353.1,2
1731,09:30:02,3353.1,1
1732,09:30:02,3353.1,1
1733,09:30:02,3353.1,8
1734,09:30:02,3353.1,2
1735,09:30:02,3353.1,5
1736,09:30:02,3353.1,3
1737,09:30:02,3353.1,2
1738,09:30:02,3353.1,2
1739,09:30:02,3353.1,10
1740,09:30:02,3353.1,5
1741,09:30:02,3353.1,4
1742,09:30:02,3353.1,4
1743,09:30:02,3353.1,2
1744,09:30:02,3353.1,1
1745,09:30:02,3353.1,1
1746,09:30:02,3353.1,3
1747,09:30:02,3353.1,1
1748,09:30:02,3353.1,1
1749,09:30:02,3353.1,3
1750,09:30:02,3353.1,2
1751,09:30:02,3353.1,3
1752,09:30:02,3353.1,1
1753,09:30:02,3353.1,1
1754,09:30:02,3353.1,2
1755,09:30:02,3353.1,1
1756,09:30:02,3353.1,2
1757,09:30:02,3353.1,1
1758,09:30:02,3353.1,1
1759,09:30:02,3353.1,3
1760,09:30:02,3353.1,5
1761,09:30:02,3353.1,5
1762,09:30:02,3353.1,3
1763,09:30:02,3353.1,2
1764,09:30:02,3353.1,1
1765,09:30:02,3353.1,6
1766,09:30:02,3353.1,1
1767,09:30:02,3353.1,1
1768,09:30:02,3353.1,1
1769,09:30:02,3353.1,1
1770,09:30:02,3353.1,1
1771,09:30:02,3353.1,1
1772,09:30:02,3353.1,1
1773,09:30:02,3353.1,1
1774,09:30:02,3353.1,15
1775,09:30:02,3353.1,2
1776,09:30:02,3353.1,1
1777,09:30:02,3353.1,1
1778,09:30:02,3353.1,1
1779,09:30:02,3353.1,5
1780,09:30:02,3353.1,5
1781,09:30:02,3353.1,1
1782,09:30:02,3353.1,1
1783,09:30:02,3353.1,100
1784,09:30:02,3353.1,20
1785,09:30:02,3353.1,1
1786,09:30:02,3353.1,30
1787,09:30:02,3353.1,5
1788,09:30:02,3353.1,10
1789,09:30:02,3353.1,1
1790,09:30:02,3353.1,17
1791,09:30:02,3353.1,14
1792,09:30:02,3353.1,1
1793,09:30:02,3353.1,2
1794,09:30:02,3353.1,20
1795,09:30:02,3353.1,2
1796,09:30:02,3353.1,7
1797,09:30:02,3353.1,1
1798,09:30:02,3353.1,10
1799,09:30:02,3353.1,2
1800,09:30:02,3353.1,1
1801,09:30:02,3353.1,10
1802,09:30:02,3353.1,1
1803,09:30:02,3353.1,1
1804,09:30:02,3353.1,3
1805,09:30:02,3353.1,2
1806,09:30:02,3353.1,1
1807,09:30:02,3353.1,1
1808,09:30:02,3353.1,1
1809,09:30:02,3353.1,1
1810,09:30:02,3353.1,1
1811,09:30:02,3353.1,1
1812,09:30:02,3353.1,3
1813,09:30:02,3353.1,1
1814,09:30:02,3353.1,1
1815,09:30:02,3353.1,1
1816,09:30:02,3353.1,1
1817,09:30:02,3353.1,1
1818,09:30:02,3353.1,1
1819,09:30:02,3353.1,15
1820,09:30:02,3353.1,1
1821,09:30:02,3353.1,1
1822,09:30:02,3353.1,2
1823,09:30:02,3353.1,1
1824,09:30:02,3353.1,1
1825,09:30:02,3353.1,1
1826,09:30:02,3353.1,5
1827,09:30:02,3353.1,10
1828,09:30:02,3353.1,1
1829,09:30:02,3353.1,2
1830,09:30:02,3353.1,1
1831,09:30:02,3353.1,3
1832,09:30:02,3353.1,1
1833,09:30:02,3353.1,1
1834,09:30:02,3353.1,1
1835,09:30:02,3353.1,1
1836,09:30:02,3353.1,1
1837,09:30:02,3353.1,1
1838,09:30:02,3353.1,10
1839,09:30:02,3353.1,1
1840,09:30:02,3353.1,1
1841,09:30:02,3353.1,3
1842,09:30:02,3353.1,1
1843,09:30:02,3353.1,1
1844,09:30:02,3353.1,1
1845,09:30:02,3353.1,4
1846,09:30:02,3353.1,2
1847,09:30:02,3353.1,5
1848,09:30:02,3353.1,1
1849,09:30:02,3353.1,1
1850,09:30:02,3353.1,2
1851,09:30:02,3353.1,1
1852,09:30:02,3353.1,2
1853,09:30:02,3353.1,12
1854,09:30:02,3353.1,3
1855,09:30:02,3353.1,1
1856,09:30:02,3353.1,1
1857,09:30:02,3353.1,1
1858,09:30:02,3353.1,5
1859,09:30:02,3353.1,5
1860,09:30:02,3353.1,3
1861,09:30:02,3353.1,4
1862,09:30:02,3353.1,1
1863,09:30:02,3353.1,1
1864,09:30:02,3353.1,1
1865,09:30:02,3353.1,1
1866,09:30:02,3353.1,1
1867,09:30:02,3353.1,1
1868,09:30:02,3353.1,1
1869,09:30:02,3353.1,1
1870,09:30:02,3353.1,1
1871,09:30:02,3353.1,1
1872,09:30:02,3353.1,1
1873,09:30:02,3353.1,1
1874,09:30:02,3353.1,1
1875,09:30:02,3353.1,1
1876,09:30:02,3353.1,1
1877,09:30:02,3353.1,1
1878,09:30:02,3353.1,1
1879,09:30:02,3353.1,1
1880,09:30:02,3353.1,1
1881,09:30:02,3353.1,1
1882,09:30:02,3353.1,1
1883,09:30:02,3353.1,1
1884,09:30:02,3353.1,1
1885,09:30:02,3353.1,1
1886,09:30:02,3353.1,1
1887,09:30:02,3353.1,1
1888,09:30:02,3353.1,1
1889,09:30:02,3353.1,1
1890,09:30:02,3353.1,1
1891,09:30:02,3353.1,1
1892,09:30:02,3353.1,1
1893,09:30:02,3353.1,1
1894,09:30:02,3353.1,1
1895,09:30:02,3353.1,1
1896,09:30:02,3353.1,1
1897,09:30:02,3353.1,1
1898,09:30:02,3353.1,1
1899,09:30:02,3353.1,1
1900,09:30:02,3353.1,1
1901,09:30:02,3353.1,1
1902,09:30:02,3353.1,1
1903,09:30:02,3353.1,1
1904,09:30:02,3353.1,1
1905,09:30:02,3353.1,1
1906,09:30:02,3353.1,1
1907,09:30:02,3353.1,1
1908,09:30:02,3353.1,1
1909,09:30:02,3353.1,1
1910,09:30:02,3353.1,1
1911,09:30:02,3353.1,1
1912,09:30:02,3353.1,1
1913,09:30:02,3353.1,1
1914,09:30:02,3353.1,1
1915,09:30:02,3353.1,1
1916,09:30:02,3353.1,1
1917,09:30:02,3353.1,1
1918,09:30:02,3353.1,1
1919,09:30:02,3353.1,1
1920,09:30:02,3353.1,1
1921,09:30:02,3353.1,1
1922,09:30:02,3353.1,1
1923,09:30:02,3353.1,1
1924,09:30:02,3353.1,1
1925,09:30:02,3353.1,1
1926,09:30:02,3353.1,1
1927,09:30:02,3353.1,1
1928,09:30:02,3353.1,1
1929,09:30:02,3353.1,1
1930,09:30:02,3353.1,1
1931,09:30:02,3353.1,1
1932,09:30:02,3353.1,1
1933,09:30:02,3353.1,1
1934,09:30:02,3353.1,1
1935,09:30:02,3353.1,1
1936,09:30:02,3353.1,1
1937,09:30:02,3353.1,1
1938,09:30:02,3353.1,1
1939,09:30:02,3353.1,1
1940,09:30:02,3353.1,1
1941,09:30:02,3353.1,1
1942,09:30:02,3353.1,1
1943,09:30:02,3353.1,1
1944,09:30:02,3353.1,1
1945,09:30:02,3353.1,1
1946,09:30:02,3353.1,1
1947,09:30:02,3353.1,1
1948,09:30:02,3353.1,1
1949,09:30:02,3353.1,1
1950,09:30:02,3353.1,1
1951,09:30:02,3353.1,1
1952,09:30:02,3353.1,1
1953,09:30:02,3353.1,1
1954,09:30:02,3353.1,1
1955,09:30:02,3353.1,1
1956,09:30:02,3353.1,1
1957,09:30:02,3353.1,1
1958,09:30:02,3353.1,1
1959,09:30:02,3353.1,1
1960,09:30:02,3353.1,1
1961,09:30:02,3353.1,1
1962,09:30:02,3353.1,1
1963,09:30:02,3353.1,1
1964,09:30:02,3353.1,1
1965,09:30:02,3353.1,2
1966,09:30:02,3353.1,1
1967,09:30:02,3353.1,1
1968,09:30:02,3353.1,1
1969,09:30:02,3353.1,1
1970,09:30:02,3353.1,1
1971,09:30:02,3353.1,1
1972,09:30:02,3353.1,1
1973,09:30:02,3353.1,1
1974,09:30:02,3353.1,1
1975,09:30:02,3353.1,1
1976,09:30:02,3353.1,1
1977,09:30:02,3353.1,1
1978,09:30:02,3353.1,1
1979,09:30:02,3353.1,1
1980,09:30:02,3353.1,1
1981,09:30:02,3353.1,1
1982,09:30:02,3353.1,1
1983,09:30:02,3353.1,1
1984,09:30:02,3353.1,1
1985,09:30:02,3353.1,1
1986,09:30:02,3353.1,1
1987,09:30:02,3353.1,1
1988,09:30:02,3353.1,1
1989,09:30:02,3353.1,1
1990,09:30:02,3353.1,1
1991,09:30:02,3353.1,1
1992,09:30:02,3353.1,1
1993,09:30:02,3353.1,1
1994,09:30:02,3353.1,1
1995,09:30:02,3353.1,1
1996,09:30:02,3353.1,2
1997,09:30:02,3353.1,3
1998,09:30:02,3353.1,1
1999,09:30:02,3353.1,1
2000,09:30:02,3353.1,1
2001,09:30:02,3353.1,4
2002,09:30:02,3353.1,12
2003,09:30:02,3353.1,2
2004,09:30:02,3353.1,1
2005,09:30:02,3353.1,51
2006,09:30:02,3353.1,1
2007,09:30:02,3353.1,1
2008,09:30:02,3353.1,45
2009,09:30:02,3353.1,7
2010,09:30:02,3353.1,1
2011,09:30:02,3353.1,1
2012,09:30:02,3353.1,2
2013,09:30:02,3353.1,1
2014,09:30:02,3353.1,1
2015,09:30:02,3353.1,51
2016,09:30:02,3353.1,1
2017,09:30:02,3353.1,1
2018,09:30:02,3353.1,1
2019,09:30:02,3353.1,1
2020,09:30:02,3353.1,1
2021,09:30:02,3353.1,1
2022,09:30:02,3353.1,3
2023,09:30:02,3353.1,1
2024,09:30:02,3353.1,1
2025,09:30:02,3353.1,2
2026,09:30:02,3353.1,5
2027,09:30:02,3353.1,1
2028,09:30:02,3353.1,1
2029,09:30:02,3353.1,1
2030,09:30:02,3353.1,6
2031,09:30:02,3353.1,39
2032,09:30:02,3353.1,1
2033,09:30:02,3353.1,10
2034,09:30:02,3353.1,2
2035,09:30:02,3353.1,1
2036,09:30:02,3353.1,2
2037,09:30:02,3353.1,4
2038,09:30:02,3353.1,9
2039,09:30:02,3353.1,150
2040,09:30:02,3353.1,4
2041,09:30:02,3353.1,20
2042,09:30:02,3353.1,6
2043,09:30:02,3353.1,1
2044,09:30:02,3353.1,10
2045,09:30:02,3353.1,2
2046,09:30:02,3353.1,10
2047,09:30:02,3353.1,4
2048,09:30:02,3353.1,7
2049,09:30:02,3353.1,4
2050,09:30:02,3353.1,359
2051,09:30:02,3353.1,2
2052,09:30:02,3353.1,40
2053,09:30:02,3353.1,1
2054,09:30:02,3353.1,4
2055,09:30:02,3353.1,1
2056,09:30:02,3353.1,10
2057,09:30:02,3353.1,7
2058,09:30:02,3353.1,1
2059,09:30:02,3353.1,10
2060,09:30:02,3353.1,3
2061,09:30:02,3353.1,10
2062,09:30:02,3353.1,1
2063,09:30:02,3353.1,10
2064,09:30:02,3353.1,1
2065,09:30:02,3353.1,10
2066,09:30:02,3353.1,3
2067,09:30:02,3353.1,3
2068,09:30:02,3353.1,2
2069,09:30:02,3353.1,1
2070,09:30:02,3353.1,5
2071,09:30:02,3353.1,2
2072,09:30:02,3353.1,1
2073,09:30:02,3353.1,10
2074,09:30:02,3353.1,1
2075,09:30:02,3353.1,2
2076,09:30:02,3353.1,3
2077,09:30:02,3353.1,10
2078,09:30:02,3353.1,4
2079,09:30:02,3353.1,1
2080,09:30:02,3353.1,3
2081,09:30:02,3353.1,34
2082,09:30:02,3353.1,1
2083,09:30:02,3353.1,2
2084,09:30:02,3353.1,8
2085,09:30:02,3353.1,12
2086,09:30:02,3353.1,1
2087,09:30:02,3353.1,25
2088,09:30:02,3353.1,3
2089,09:30:02,3353.1,5
2090,09:30:02,3353.1,1
2091,09:30:02,3353.1,1
2092,09:30:02,3353.1,5
2093,09:30:02,3353.1,1
2094,09:30:02,3353.1,3
2095,09:30:02,3353.1,5
2096,09:30:02,3353.1,20
2097,09:30:02,3353.1,1
2098,09:30:02,3353.1,1
2099,09:30:02,3353.1,40
2100,09:30:02,3353.1,3
2101,09:30:02,3353.1,4
2102,09:30:02,3353.1,1
2103,09:30:02,3353.1,5
2104,09:30:02,3353.1,1
2105,09:30:02,3353.1,1
2106,09:30:02,3353.1,5
2107,09:30:02,3353.1,30
2108,09:30:02,3353.1,1
2109,09:30:02,3353.1,6
2110,09:30:02,3353.1,3
2111,09:30:02,3353.1,10
2112,09:30:02,3353.1,2
2113,09:30:02,3353.1,10
2114,09:30:02,3353.1,1
2115,09:30:02,3353.1,31
2116,09:30:02,3353.1,1
2117,09:30:02,3353.1,1
2118,09:30:02,3353.1,5
2119,09:30:02,3353.1,15
2120,09:30:02,3353.1,1
2121,09:30:02,3353.1,1
2122,09:30:02,3353.1,9
2123,09:30:02,3353.1,1
2124,09:30:02,3353.1,3
2125,09:30:02,3353.1,1
2126,09:30:02,3353.1,6
2127,09:30:02,3353.1,2
2128,09:30:02,3353.1,1
2129,09:30:02,3353.1,5
2130,09:30:02,3353.1,1
2131,09:30:02,3353.1,1
2132,09:30:02,3353.1,1
2133,09:30:02,3353.1,1
2134,09:30:02,3353.1,3
2135,09:30:02,3353.1,3
2136,09:30:02,3353.1,2
2137,09:30:02,3353.1,2
2138,09:30:02,3353.1,1
2139,09:30:02,3353.1,1
2140,09:30:02,3353.1,2
2141,09:30:02,3353.1,1
2142,09:30:02,3353.1,1
2143,09:30:02,3353.1,1
2144,09:30:02,3353.1,2
2145,09:30:02,3353.1,8
2146,09:30:02,3353.1,3
2147,09:30:02,3353.1,1
2148,09:30:02,3353.1,1
2149,09:30:02,3353.1,5
2150,09:30:02,3353.1,1
2151,09:30:02,3353.1,3
2152,09:30:02,3353.1,2
2153,09:30:02,3353.1,1
2154,09:30:02,3353.1,5
2155,09:30:02,3353.1,3
2156,09:30:02,3353.1,1
2157,09:30:02,3353.1,1
2158,09:30:02,3353.1,4
2159,09:30:02,3353.1,1
2160,09:30:02,3353.1,1
2161,09:30:02,3353.1,1
2162,09:30:02,3353.1,11
2163,09:30:02,3353.1,5
2164,09:30:02,3353.1,1
2165,09:30:02,3353.1,3
2166,09:30:02,3353.1,50
2167,09:30:02,3353.1,4
2168,09:30:02,3353.1,1
2169,09:30:02,3353.1,3
2170,09:30:02,3353.1,1
2171,09:30:02,3353.1,1
2172,09:30:02,3353.1,10
2173,09:30:02,3353.1,1
2174,09:30:02,3353.1,1
2175,09:30:02,3353.1,1
2176,09:30:02,3353.1,1
2177,09:30:02,3353.1,1
2178,09:30:02,3353.1,1
2179,09:30:02,3353.1,2
2180,09:30:02,3353.1,20
2181,09:30:02,3353.1,1
2182,09:30:02,3353.1,2
2183,09:30:02,3353.1,1
2184,09:30:02,3353.1,2
2185,09:30:02,3353.1,4
2186,09:30:02,3353.1,1
2187,09:30:02,3353.1,1
2188,09:30:02,3353.1,3
2189,09:30:02,3353.1,6
2190,09:30:02,3353.1,1
2191,09:30:02,3353.1,1
2192,09:30:02,3353.1,1
2193,09:30:02,3353.1,1
2194,09:30:02,3353.1,1
2195,09:30:02,3353.1,2
2196,09:30:02,3353.1,1
2197,09:30:02,3353.1,24
2198,09:30:02,3353.1,2
2199,09:30:02,3353.1,5
2200,09:30:02,3353.1,1
2201,09:30:02,3353.1,10
2202,09:30:02,3353.1,1
2203,09:30:02,3353.1,2
2204,09:30:02,3353.1,7
2205,09:30:02,3353.1,3
2206,09:30:02,3353.1,2
2207,09:30:02,3353.1,4
2208,09:30:02,3353.1,1
2209,09:30:02,3353.1,1
2210,09:30:02,3353.1,2
2211,09:30:02,3353.1,3
2212,09:30:02,3353.1,1
2213,09:30:02,3353.1,1
2214,09:30:02,3353.1,59
2215,09:30:02,3353.1,5
2216,09:30:02,3353.1,1
2217,09:30:02,3353.1,1
2218,09:30:02,3353.1,100
2219,09:30:02,3353.1,3
2220,09:30:02,3353.1,1
2221,09:30:02,3353.1,3
2222,09:30:02,3353.1,3
2223,09:30:02,3353.1,10
2224,09:30:02,3353.1,20
2225,09:30:02,3353.1,3
2226,09:30:02,3353.1,1
2227,09:30:02,3353.1,9
2228,09:30:02,3353.1,1
2229,09:30:02,3353.1,3
2230,09:30:02,3353.1,10
2231,09:30:02,3353.1,4
2232,09:30:02,3353.1,5
2233,09:30:02,3353.1,1
2234,09:30:02,3353.1,1
2235,09:30:02,3353.1,2
2236,09:30:02,3353.1,2
2237,09:30:02,3353.1,2
2238,09:30:02,3353.1,20
2239,09:30:02,3353.1,25
2240,09:30:02,3353.1,1
2241,09:30:02,3353.1,1
2242,09:30:02,3353.1,1
2243,09:30:02,3353.1,4
2244,09:30:02,3353.1,1
2245,09:30:02,3353.1,2
2246,09:30:02,3353.1,1
2247,09:30:02,3353.1,1
2248,09:30:02,3353.1,1
2249,09:30:02,3353.1,1
2250,09:30:02,3353.1,10
2251,09:30:02,3353.1,1
2252,09:30:02,3353.1,2
2253,09:30:02,3353.1,2
2254,09:30:02,3353.1,2
2255,09:30:02,3353.1,90
2256,09:30:02,3353.1,3
2257,09:30:02,3353.1,4
2258,09:30:02,3353.1,1
2259,09:30:02,3353.1,1
2260,09:30:02,3353.1,1
2261,09:30:02,3353.1,1
2262,09:30:02,3353.1,1
2263,09:30:02,3353.1,1
2264,09:30:02,3353.1,1
2265,09:30:02,3353.1,1
2266,09:30:02,3353.1,1
2267,09:30:02,3353.1,2
2268,09:30:02,3353.1,2
2269,09:30:02,3353.1,1
2270,09:30:02,3353.1,3
2271,09:30:02,3353.1,2
2272,09:30:02,3353.1,1
2273,09:30:02,3353.1,1
2274,09:30:02,3353.1,7
2275,09:30:02,3353.1,6
2276,09:30:02,3353.1,3
2277,09:30:02,3353.1,1
2278,09:30:02,3353.1,29
2279,09:30:02,3353.1,116
2280,09:30:02,3353.1,100
2281,09:30:02,3353.1,45
2282,09:30:02,3353.1,4
2283,09:30:02,3353.1,5
2284,09:30:02,3353.1,1
2285,09:30:02,3353.1,1
2286,09:30:02,3353.1,45
2287,09:30:02,3353.1,25
2288,09:30:02,3353.1,3
2289,09:30:02,3353.1,2
2290,09:30:02,3353.1,1
2291,09:30:02,3353.1,1
2292,09:30:02,3353.1,4
2293,09:30:02,3353.1,2
2294,09:30:02,3353.1,3
2295,09:30:02,3353.1,2
2296,09:30:02,3353.1,1
2297,09:30:02,3353.1,1
2298,09:30:02,3353.1,1
2299,09:30:02,3353.1,2
2300,09:30:02,3353.1,1
2301,09:30:02,3353.1,1
2302,09:30:02,3353.1,1
2303,09:30:02,3353.1,2
2304,09:30:02,3353.1,2
2305,09:30:02,3353.1,1
2306,09:30:02,3353.1,3
2307,09:30:02,3353.1,3
2308,09:30:02,3353.1,1
2309,09:30:02,3353.1,1
2310,09:30:02,3353.1,1
2311,09:30:02,3353.1,9
2312,09:30:02,3353.1,1
2313,09:30:02,3353.1,5
2314,09:30:02,3353.1,10
2315,09:30:02,3353.1,1
2316,09:30:02,3353.1,3
2317,09:30:02,3353.1,106
2318,09:30:02,3353.1,3
2319,09:30:02,3353.1,15
2320,09:30:02,3353.1,6
2321,09:30:02,3353.1,10
2322,09:30:02,3353.1,7
2323,09:30:02,3353.1,1
2324,09:30:02,3353.1,1
2325,09:30:02,3353.1,3
2326,09:30:02,3353.1,1
2327,09:30:02,3353.1,1
2328,09:30:02,3353.1,2
2329,09:30:02,3353.1,3
2330,09:30:02,3353.1,1
2331,09:30:02,3353.1,2
2332,09:30:02,3353.1,1
2333,09:30:02,3353.1,1
2334,09:30:02,3353.1,100
2335,09:30:02,3353.1,6
2336,09:30:02,3353.1,1
2337,09:30:02,3353.1,10
2338,09:30:02,3353.1,1
2339,09:30:02,3353.1,10
2340,09:30:02,3353.1,2
2341,09:30:02,3353.1,11
2342,09:30:02,3353.1,1
2343,09:30:02,3353.1,1
2344,09:30:02,3353.1,1
2345,09:30:02,3353.1,1
2346,09:30:02,3353.1,1
2347,09:30:02,3353.1,4
2348,09:30:02,3353.1,10
2349,09:30:02,3353.1,10
2350,09:30:02,3353.1,3
2351,09:30:02,3353.1,1
2352,09:30:02,3353.1,1
2353,09:30:02,3353.1,1
2354,09:30:02,3353.1,1
2355,09:30:02,3353.1,3
2356,09:30:02,3353.1,3
2357,09:30:02,3353.1,3
2358,09:30:02,3353.1,15
2359,09:30:02,3353.1,4
2360,09:30:02,3353.1,2
2361,09:30:02,3353.1,23
2362,09:30:02,3353.1,2
2363,09:30:02,3353.1,1
2364,09:30:02,3353.1,1
2365,09:30:02,3353.1,1
2366,09:30:02,3353.1,6
2367,09:30:02,3353.1,2
2368,09:30:02,3353.1,1
2369,09:30:02,3353.1,1
2370,09:30:02,3353.1,1
2371,09:30:02,3353.1,1
2372,09:30:02,3353.1,7
2373,09:30:02,3353.1,1
2374,09:30:02,3353.1,5
2375,09:30:02,3353.1,2
2376,09:30:02,3353.1,3
2377,09:30:02,3353.1,3
2378,09:30:02,3353.1,1
2379,09:30:02,3353.1,1
2380,09:30:02,3353.1,2
2381,09:30:02,3353.1,2
2382,09:30:02,3353.1,2
2383,09:30:02,3353.1,2
2384,09:30:02,3353.1,8
2385,09:30:02,3353.1,2
2386,09:30:02,3353.1,3
2387,09:30:02,3353.1,1
2388,09:30:02,3353.1,1
2389,09:30:02,3353.1,1
2390,09:30:02,3353.1,3
2391,09:30:02,3353.1,3
2392,09:30:02,3353.1,20
2393,09:30:02,3353.1,1
2394,09:30:02,3353.1,1
2395,09:30:02,3353.1,50
2396,09:30:02,3353.1,1
2397,09:30:02,3353.1,10
2398,09:30:02,3353.1,1
2399,09:30:02,3353.1,3
2400,09:30:02,3353.1,1
2401,09:30:02,3353.1,1
2402,09:30:02,3353.1,3
2403,09:30:02,3353.1,27
2404,09:30:02,3353.1,1
2405,09:30:02,3353.1,2
2406,09:30:02,3353.1,1
2407,09:30:02,3353.1,2
2408,09:30:02,3353.1,1
2409,09:30:02,3353.1,1
2410,09:30:02,3353.1,1
2411,09:30:02,3353.1,1
2412,09:30:02,3353.1,45
2413,09:30:02,3353.1,3
2414,09:30:02,3353.1,1
2415,09:30:02,3353.1,1
2416,09:30:02,3353.1,3
2417,09:30:02,3353.1,1
2418,09:30:02,3353.1,1
2419,09:30:02,3353.1,10
2420,09:30:02,3353.1,15
2421,09:30:02,3353.1,2
2422,09:30:02,3353.1,20
2423,09:30:02,3353.1,1
2424,09:30:02,3353.1,1
2425,09:30:02,3353.1,1
2426,09:30:02,3353.1,3
2427,09:30:02,3353.1,12
2428,09:30:02,3353.1,3
2429,09:30:02,3353.1,3
2430,09:30:02,3353.1,1
2431,09:30:02,3353.1,4
2432,09:30:02,3353.1,1
2433,09:30:02,3353.1,5
2434,09:30:02,3353.1,1
2435,09:30:02,3353.1,3
2436,09:30:02,3353.1,2
2437,09:30:02,3353.1,1
2438,09:30:02,3353.1,1
2439,09:30:02,3353.1,5
2440,09:30:02,3353.1,5
2441,09:30:02,3353.1,1
2442,09:30:02,3353.1,1
2443,09:30:02,3353.1,5
2444,09:30:02,3353.1,5
2445,09:30:02,3353.1,1
2446,09:30:02,3353.1,9
2447,09:30:02,3353.1,1
2448,09:30:02,3353.1,1
2449,09:30:02,3353.1,22
2450,09:30:02,3353.1,3
2451,09:30:02,3353.1,1
2452,09:30:02,3353.1,1
2453,09:30:02,3353.1,4
2454,09:30:02,3353.1,1
2455,09:30:02,3353.1,3
2456,09:30:02,3353.1,1
2457,09:30:02,3353.1,10
2458,09:30:02,3353.1,4
2459,09:30:02,3353.1,15
2460,09:30:02,3353.1,15
2461,09:30:02,3353.1,20
2462,09:30:02,3353.1,13
2463,09:30:02,3353.1,3
2464,09:30:02,3353.1,20
2465,09:30:02,3353.1,10
2466,09:30:02,3353.1,10
2467,09:30:02,3353.1,10
2468,09:30:02,3353.1,40
2469,09:30:02,3353.1,1
2470,09:30:02,3353.1,7
2471,09:30:02,3353.1,1
2472,09:30:02,3353.1,15
2473,09:30:02,3353.1,3
2474,09:30:02,3353.1,33
2475,09:30:02,3353.1,10
2476,09:30:02,3353.1,30
2477,09:30:02,3353.1,20
2478,09:30:02,3353.1,5
2479,09:30:02,3353.1,50
2480,09:30:02,3353.1,50
2481,09:30:02,3353.1,100
2482,09:30:02,3353.1,100
2483,09:30:02,3353.1,100
2484,09:30:02,3353.1,1
2485,09:30:02,3353.1,4
2486,09:30:02,3353.1,120
2487,09:30:02,3353.1,10
2488,09:30:02,3353.1,4
2489,09:30:02,3353.1,5
2490,09:30:02,3353.1,2
2491,09:30:02,3353.1,2
2492,09:30:02,3353.1,8
2493,09:30:02,3353.1,13
2494,09:30:02,3353.1,2
2495,09:30:02,3353.1,3
2496,09:30:02,3353.1,1
2497,09:30:02,3353.1,4
2498,09:30:02,3353.1,6
2499,09:30:02,3353.1,10
2500,09:30:02,3353.1,1
2501,09:30:02,3353.1,45
2502,09:30:02,3353.1,6
2503,09:30:02,3353.1,8
2504,09:30:02,3353.1,30
2505,09:30:02,3353.1,4
2506,09:30:02,3353.1,3
2507,09:30:02,3353.1,1
2508,09:30:02,3353.1,1
2509,09:30:02,3353.1,1
2510,09:30:02,3353.1,2
2511,09:30:02,3353.1,3
2512,09:30:02,3353.1,8
2513,09:30:02,3353.1,8
2514,09:30:02,3353.1,2
2515,09:30:02,3353.1,30
2516,09:30:02,3353.1,13
2517,09:30:02,3353.1,1
2518,09:30:02,3353.1,4
2519,09:30:02,3353.1,1
2520,09:30:02,3353.1,1
2521,09:30:02,3353.1,1
2522,09:30:02,3353.1,1
2523,09:30:02,3353.1,5
2524,09:30:02,3353.1,2
2525,09:30:02,3353.1,1
2526,09:30:02,3353.1,7
2527,09:30:02,3353.1,1
2528,09:30:02,3353.1,10
2529,09:30:02,3353.1,1
2530,09:30:02,3353.1,1
2531,09:30:02,3353.1,3
2532,09:30:02,3353.1,1
2533,09:30:02,3353.1,3
2534,09:30:02,3353.1,1
2535,09:30:02,3353.1,2
2536,09:30:02,3353.1,2
2537,09:30:02,3353.1,1
2538,09:30:02,3353.1,2
2539,09:30:02,3353.1,1
2540,09:30:02,3353.1,1
2541,09:30:02,3353.1,1
2542,09:30:02,3353.1,1
2543,09:30:02,3353.1,1
2544,09:30:02,3353.1,1
2545,09:30:02,3353.1,2
2546,09:30:02,3353.1,10
2547,09:30:02,3353.1,7
2548,09:30:02,3353.1,10
2549,09:30:02,3353.1,1
2550,09:30:02,3353.1,1
2551,09:30:02,3353.1,5
2552,09:30:02,3353.1,1
2553,09:30:02,3353.1,1
2554,09:30:02,3353.1,5
2555,09:30:02,3353.1,31
2556,09:30:02,3353.1,2
2557,09:30:02,3353.1,1
2558,09:30:02,3353.1,1
2559,09:30:02,3353.1,5
2560,09:30:02,3353.1,16
2561,09:30:02,3353.1,1
2562,09:30:02,3353.1,2
2563,09:30:02,3353.1,10
2564,09:30:02,3353.1,2
2565,09:30:02,3353.1,3
2566,09:30:02,3353.1,10
2567,09:30:02,3353.1,4
2568,09:30:02,3353.1,1
2569,09:30:02,3353.1,1
2570,09:30:02,3353.1,10
2571,09:30:02,3353.1,1
2572,09:30:02,3353.1,1
2573,09:30:02,3353.1,6
2574,09:30:02,3353.1,1
2575,09:30:02,3353.1,3
2576,09:30:02,3353.1,9
2577,09:30:02,3353.1,5
2578,09:30:02,3353.1,7
2579,09:30:02,3353.1,200
2580,09:30:02,3353.1,1
2581,09:30:02,3353.1,3
2582,09:30:02,3353.1,2
2583,09:30:02,3353.1,1
2584,09:30:02,3353.1,1
2585,09:30:02,3353.1,6
2586,09:30:02,3353.1,100
2587,09:30:02,3353.1,1
2588,09:30:02,3353.1,1
2589,09:30:02,3353.1,2
2590,09:30:02,3353.1,1
2591,09:30:02,3353.1,5
2592,09:30:02,3353.1,1
2593,09:30:02,3353.1,1
2594,09:30:02,3353.1,3
2595,09:30:02,3353.1,10
2596,09:30:02,3353.1,1
2597,09:30:02,3353.1,2
2598,09:30:02,3353.1,2
2599,09:30:02,3353.1,2
2600,09:30:02,3353.1,1
2601,09:30:02,3353.1,1
2602,09:30:02,3353.1,6
2603,09:30:02,3353.1,1
2604,09:30:02,3353.1,1
2605,09:30:02,3353.1,1
2606,09:30:02,3353.1,2
2607,09:30:02,3353.1,2
2608,09:30:02,3353.1,1
2609,09:30:02,3353.1,1
2610,09:30:02,3353.1,1
2611,09:30:02,3353.1,1
2612,09:30:02,3353.1,1
2613,09:30:02,3353.1,2
2614,09:30:02,3353.1,2
2615,09:30:02,3353.1,1
2616,09:30:02,3353.1,1
2617,09:30:02,3353.1,1
2618,09:30:02,3353.1,2
2619,09:30:02,3353.1,1
2620,09:30:02,3353.1,2
2621,09:30:02,3353.1,10
2622,09:30:02,3353.1,1
2623,09:30:02,3353.1,1
2624,09:30:02,3353.1,1
2625,09:30:02,3353.1,1
2626,09:30:02,3353.1,3
2627,09:30:02,3353.1,100
2628,09:30:02,3353.1,21
2629,09:30:02,3353.1,2
2630,09:30:02,3353.1,10
2631,09:30:02,3353.1,1
2632,09:30:02,3353.1,3
2633,09:30:02,3353.1,1
2634,09:30:02,3353.1,5
2635,09:30:02,3353.1,30
2636,09:30:02,3353.1,3
2637,09:30:02,3353.1,96
2638,09:30:02,3353.1,1
2639,09:30:02,3353.1,5
2640,09:30:02,3353.1,30
2641,09:30:02,3353.1,5
2642,09:30:02,3353.1,1
2643,09:30:02,3353.1,1
2644,09:30:02,3353.1,3
2645,09:30:02,3353.1,2
2646,09:30:02,3353.1,1
2647,09:30:02,3353.1,1
2648,09:30:02,3353.1,1
2649,09:30:02,3353.1,10
2650,09:30:02,3353.1,7
2651,09:30:02,3353.1,10
2652,09:30:02,3353.1,1
2653,09:30:02,3353.1,1
2654,09:30:02,3353.1,1
2655,09:30:02,3353.1,10
2656,09:30:02,3353.1,1
2657,09:30:02,3353.1,1
2658,09:30:02,3353.1,1
2659,09:30:02,3353.1,5
2660,09:30:02,3353.1,1
2661,09:30:02,3353.1,1
2662,09:30:02,3353.1,3
2663,09:30:02,3353.1,2
2664,09:30:02,3353.1,1
2665,09:30:02,3353.1,1
2666,09:30:02,3353.1,11
2667,09:30:02,3353.1,4
2668,09:30:02,3353.1,1
2669,09:30:02,3353.1,1
2670,09:30:02,3353.1,10
2671,09:30:02,3353.1,3
2672,09:30:02,3353.1,1
2673,09:30:02,3353.1,2
2674,09:30:02,3353.1,3
2675,09:30:02,3353.1,1
2676,09:30:02,3353.1,1
2677,09:30:02,3353.1,1
2678,09:30:02,3353.1,2
2679,09:30:02,3353.1,7
2680,09:30:02,3353.1,1
2681,09:30:02,3353.1,1
2682,09:30:02,3353.1,1
2683,09:30:02,3353.1,1
2684,09:30:02,3353.1,1
2685,09:30:02,3353.1,2
2686,09:30:02,3353.1,1
2687,09:30:02,3353.1,10
2688,09:30:02,3353.1,1
2689,09:30:02,3353.1,2
2690,09:30:02,3353.1,2
2691,09:30:02,3353.1,1
2692,09:30:02,3353.1,1
2693,09:30:02,3353.1,2
2694,09:30:02,3353.1,1
2695,09:30:02,3353.1,2
2696,09:30:02,3353.1,1
2697,09:30:02,3353.1,100
2698,09:30:02,3353.1,4
2699,09:30:02,3353.1,2
2700,09:30:02,3353.1,10
2701,09:30:02,3353.1,2
2702,09:30:02,3353.1,1
2703,09:30:02,3353.1,13
2704,09:30:02,3353.1,5
2705,09:30:02,3353.1,4
2706,09:30:02,3353.1,1
2707,09:30:02,3353.1,1
2708,09:30:02,3353.1,1
2709,09:30:02,3353.1,1
2710,09:30:02,3353.1,1
2711,09:30:02,3353.1,2
2712,09:30:02,3353.1,1
2713,09:30:02,3353.1,3
2714,09:30:02,3353.1,2
2715,09:30:02,3353.1,3
2716,09:30:02,3353.1,5
2717,09:30:02,3353.1,2
2718,09:30:02,3353.1,1
2719,09:30:02,3353.1,3
2720,09:30:02,3353.1,20
2721,09:30:02,3353.1,1
2722,09:30:02,3353.1,1
2723,09:30:02,3353.1,2
2724,09:30:02,3353.1,1
2725,09:30:02,3353.1,12
2726,09:30:02,3353.1,2
2727,09:30:02,3353.1,2
2728,09:30:02,3353.1,1
2729,09:30:02,3353.1,2
2730,09:30:02,3353.1,6
2731,09:30:02,3353.1,1
2732,09:30:02,3353.1,4
2733,09:30:02,3353.1,1
2734,09:30:02,3353.1,1
2735,09:30:02,3353.1,1
2736,09:30:02,3353.1,1
2737,09:30:02,3353.1,3
2738,09:30:02,3353.1,5
2739,09:30:02,3353.1,15
2740,09:30:02,3353.1,1
2741,09:30:02,3353.1,2
2742,09:30:02,3353.1,1
2743,09:30:02,3353.1,1
2744,09:30:02,3353.1,5
2745,09:30:02,3353.1,1
2746,09:30:02,3353.1,3
2747,09:30:02,3353.1,2
2748,09:30:02,3353.1,2
2749,09:30:02,3353.1,1
2750,09:30:02,3353.1,2
2751,09:30:02,3353.1,1
2752,09:30:02,3353.1,4
2753,09:30:02,3353.1,8
2754,09:30:02,3353.1,1
2755,09:30:02,3353.1,10
2756,09:30:02,3353.1,1
2757,09:30:02,3353.1,1
2758,09:30:02,3353.1,1
2759,09:30:02,3353.1,1
2760,09:30:02,3353.1,1
2761,09:30:02,3353.1,1
2762,09:30:02,3353.1,1
2763,09:30:02,3353.1,5
2764,09:30:02,3353.1,5
2765,09:30:02,3353.1,5
2766,09:30:02,3353.1,5
2767,09:30:02,3353.1,3
2768,09:30:02,3353.1,1
2769,09:30:02,3353.1,1
2770,09:30:02,3353.1,1
2771,09:30:02,3353.1,2
2772,09:30:02,3353.1,10
2773,09:30:02,3353.1,10
2774,09:30:02,3353.1,5
2775,09:30:02,3353.1,3
2776,09:30:02,3353.1,6
2777,09:30:02,3353.1,1
2778,09:30:02,3353.1,1
2779,09:30:02,3353.1,10
2780,09:30:02,3353.1,5
2781,09:30:02,3353.1,2
2782,09:30:02,3353.1,3
2783,09:30:02,3353.1,1
2784,09:30:02,3353.1,2
2785,09:30:02,3353.1,1
2786,09:30:02,3353.1,5
2787,09:30:02,3353.1,1
2788,09:30:02,3353.1,1
2789,09:30:02,3353.1,3
2790,09:30:02,3353.1,3
2791,09:30:02,3353.1,1
2792,09:30:02,3353.1,2
2793,09:30:02,3353.1,1
2794,09:30:02,3353.1,5
2795,09:30:02,3353.1,1
2796,09:30:02,3353.1,5
2797,09:30:02,3353.1,1
2798,09:30:02,3353.1,5
2799,09:30:02,3353.1,1
2800,09:30:02,3353.1,2
2801,09:30:02,3353.1,2
2802,09:30:02,3353.1,1
2803,09:30:02,3353.1,1
2804,09:30:02,3353.1,10
2805,09:30:02,3353.1,3
2806,09:30:02,3353.1,2
2807,09:30:02,3353.1,1
2808,09:30:02,3353.1,1
2809,09:30:02,3353.1,1
2810,09:30:02,3353.1,1
2811,09:30:02,3353.1,1
2812,09:30:02,3353.1,1
2813,09:30:02,3353.1,1
2814,09:30:02,3353.1,1
2815,09:30:02,3353.1,1
2816,09:30:02,3353.1,1
2817,09:30:02,3353.1,1
2818,09:30:02,3353.1,1
2819,09:30:02,3353.1,1
2820,09:30:02,3353.1,1
2821,09:30:02,3353.1,1
2822,09:30:02,3353.1,1
2823,09:30:02,3353.1,1
2824,09:30:02,3353.1,1
2825,09:30:02,3353.1,1
2826,09:30:02,3353.1,1
2827,09:30:02,3353.1,1
2828,09:30:02,3353.1,1
2829,09:30:02,3353.1,1
2830,09:30:02,3353.1,1
2831,09:30:02,3353.1,1
2832,09:30:02,3353.1,1
2833,09:30:02,3353.1,1
2834,09:30:02,3353.1,1
2835,09:30:02,3353.1,1
2836,09:30:02,3353.1,1
2837,09:30:02,3353.1,1
2838,09:30:02,3353.1,1
2839,09:30:02,3353.1,1
2840,09:30:02,3353.1,1
2841,09:30:02,3353.1,1
2842,09:30:02,3353.1,1
2843,09:30:02,3353.1,1
2844,09:30:02,3353.1,1
2845,09:30:02,3353.1,1
2846,09:30:02,3353.1,1
2847,09:30:02,3353.1,1
2848,09:30:02,3353.1,1
2849,09:30:02,3353.1,1
2850,09:30:02,3353.1,1
2851,09:30:02,3353.1,1
2852,09:30:02,3353.1,1
2853,09:30:02,3353.1,1
2854,09:30:02,3353.1,1
2855,09:30:02,3353.1,1
2856,09:30:02,3353.1,1
2857,09:30:02,3353.1,10
2858,09:30:02,3353.1,1
2859,09:30:02,3353.1,1
2860,09:30:02,3353.1,1
2861,09:30:02,3353.1,1
2862,09:30:02,3353.1,1
2863,09:30:02,3353.1,1
2864,09:30:02,3353.1,1
2865,09:30:02,3353.1,1
2866,09:30:02,3353.1,1
2867,09:30:02,3353.1,1
2868,09:30:02,3353.1,1
2869,09:30:02,3353.1,1
2870,09:30:02,3353.1,1
2871,09:30:02,3353.1,1
2872,09:30:02,3353.1,1
2873,09:30:02,3353.1,1
2874,09:30:02,3353.1,1
2875,09:30:02,3353.1,1
2876,09:30:02,3353.1,1
2877,09:30:02,3353.1,1
2878,09:30:02,3353.1,1
2879,09:30:02,3353.1,1
2880,09:30:02,3353.1,1
2881,09:30:02,3353.1,1
2882,09:30:02,3353.1,1
2883,09:30:02,3353.1,1
2884,09:30:02,3353.1,1
2885,09:30:02,3353.1,1
2886,09:30:02,3353.1,1
2887,09:30:02,3353.1,1
2888,09:30:02,3353.1,1
2889,09:30:02,3353.1,1
2890,09:30:02,3353.1,1
2891,09:30:02,3353.1,1
2892,09:30:02,3353.1,1
2893,09:30:02,3353.1,1
2894,09:30:02,3353.1,3
2895,09:30:02,3353.1,1
2896,09:30:02,3353.1,1
2897,09:30:02,3353.1,1
2898,09:30:02,3353.1,1
2899,09:30:02,3353.1,1
2900,09:30:02,3353.1,1
2901,09:30:02,3353.1,1
2902,09:30:02,3353.1,1
2903,09:30:02,3353.1,1
2904,09:30:02,3353.1,30
2905,09:30:02,3353.1,1
2906,09:30:02,3353.1,1
2907,09:30:02,3353.1,1
2908,09:30:02,3353.1,1
2909,09:30:02,3353.1,1
2910,09:30:02,3353.1,1
2911,09:30:02,3353.1,1
2912,09:30:02,3353.1,1
2913,09:30:02,3353.1,1
2914,09:30:02,3353.1,1
2915,09:30:02,3353.1,1
2916,09:30:02,3353.1,1
2917,09:30:02,3353.1,1
2918,09:30:02,3353.1,1
2919,09:30:02,3353.1,1
2920,09:30:02,3353.1,1
2921,09:30:02,3353.1,1
2922,09:30:02,3353.1,1
2923,09:30:02,3353.1,1
2924,09:30:02,3353.1,1
2925,09:30:02,3353.1,5
2926,09:30:02,3353.1,1
2927,09:30:02,3353.1,1
2928,09:30:02,3353.1,1
2929,09:30:02,3353.1,1
2930,09:30:02,3353.1,1
2931,09:30:02,3353.1,1
2932,09:30:02,3353.1,1
2933,09:30:02,3353.1,2
2934,09:30:02,3353.1,1
2935,09:30:02,3353.1,1
2936,09:30:02,3353.1,1
2937,09:30:02,3353.1,1
2938,09:30:02,3353.1,1
2939,09:30:02,3353.1,1
2940,09:30:02,3353.1,1
2941,09:30:02,3353.1,1
2942,09:30:02,3353.1,1
2943,09:30:02,3353.1,1
2944,09:30:02,3353.1,1
2945,09:30:02,3353.1,1
2946,09:30:02,3353.1,1
2947,09:30:02,3353.1,1
2948,09:30:02,3353.1,2
2949,09:30:02,3353.1,1
2950,09:30:02,3353.1,1
2951,09:30:02,3353.1,1
2952,09:30:02,3353.1,2
2953,09:30:02,3353.1,1
2954,09:30:02,3353.1,1
2955,09:30:02,3353.1,1
2956,09:30:02,3353.1,2
2957,09:30:02,3353.1,1
2958,09:30:02,3353.1,1
2959,09:30:02,3353.1,1
2960,09:30:02,3353.1,1
2961,09:30:02,3353.1,1
2962,09:30:02,3353.1,1
2963,09:30:02,3353.1,1
2964,09:30:02,3353.1,1
2965,09:30:02,3353.1,1
2966,09:30:02,3353.1,1
2967,09:30:02,3353.1,1
2968,09:30:02,3353.1,1
2969,09:30:02,3353.1,1
2970,09:30:02,3353.1,1
2971,09:30:02,3353.1,1
2972,09:30:02,3353.1,1
2973,09:30:02,3353.1,1
2974,09:30:02,3353.1,1
2975,09:30:02,3353.1,1
2976,09:30:02,3353.1,1
2977,09:30:02,3353.1,1
2978,09:30:02,3353.1,1
2979,09:30:02,3353.1,1
2980,09:30:02,3353.1,1
2981,09:30:02,3353.1,1
2982,09:30:02,3353.1,1
2983,09:30:02,3353.1,1
2984,09:30:02,3353.1,1
2985,09:30:02,3353.1,1
2986,09:30:02,3353.1,1
2987,09:30:02,3353.1,1
2988,09:30:02,3353.1,1
2989,09:30:02,3353.1,1
2990,09:30:02,3353.1,1
2991,09:30:02,3353.1,1
2992,09:30:02,3353.1,1
2993,09:30:02,3353.1,1
2994,09:30:02,3353.1,1
2995,09:30:02,3353.1,1
2996,09:30:02,3353.1,1
2997,09:30:02,3353.1,1
2998,09:30:02,3353.1,1
2999,09:30:02,3353.1,1
3000,09:30:02,3353.1,1
3001,09:30:02,3353.1,1
3002,09:30:02,3353.1,1
3003,09:30:02,3353.1,1
3004,09:30:02,3353.1,1
3005,09:30:02,3353.1,1
3006,09:30:02,3353.1,1
3007,09:30:02,3353.1,1
3008,09:30:02,3353.1,50
3009,09:30:02,3353.1,1
3010,09:30:02,3353.1,1
3011,09:30:02,3353.1,1
3012,09:30:02,3353.1,1
3013,09:30:02,3353.1,1
3014,09:30:02,3353.1,1
3015,09:30:02,3353.1,1
3016,09:30:02,3353.1,1
3017,09:30:02,3353.1,1
3018,09:30:02,3353.1,1
3019,09:30:02,3353.1,1
3020,09:30:02,3353.1,1
3021,09:30:02,3353.1,1
3022,09:30:02,3353.1,1
3023,09:30:02,3353.1,1
3024,09:30:02,3353.1,1
3025,09:30:02,3353.1,1
3026,09:30:02,3353.1,1
3027,09:30:02,3353.1,1
3028,09:30:02,3353.1,1
3029,09:30:02,3353.1,8
3030,09:30:02,3353.1,2
3031,09:30:02,3353.1,1
3032,09:30:02,3353.1,1
3033,09:30:02,3353.1,1
3034,09:30:02,3353.1,1
3035,09:30:02,3353.1,20
3036,09:30:02,3353.1,1
3037,09:30:02,3353.1,5
3038,09:30:02,3353.1,10
3039,09:30:02,3353.1,10
3040,09:30:02,3353.1,10
3041,09:30:02,3353.1,3
3042,09:30:02,3353.1,2
3043,09:30:02,3353.1,20
3044,09:30:02,3353.1,1
3045,09:30:02,3353.1,1
3046,09:30:02,3353.1,2
3047,09:30:02,3353.1,7
3048,09:30:02,3353.1,3
3049,09:30:02,3353.1,15
3050,09:30:02,3353.1,1
3051,09:30:02,3353.1,7
3052,09:30:02,3353.1,1
3053,09:30:02,3353.1,1
3054,09:30:02,3353.1,3
3055,09:30:02,3353.1,8
3056,09:30:02,3353.1,4
3057,09:30:02,3353.1,1
3058,09:30:02,3353.1,1
3059,09:30:02,3353.1,2
3060,09:30:02,3353.1,3
3061,09:30:02,3353.1,1
3062,09:30:02,3353.1,3
3063,09:30:02,3353.1,3
3064,09:30:02,3353.1,12
3065,09:30:02,3353.1,15
3066,09:30:02,3353.1,6
3067,09:30:02,3353.1,10
3068,09:30:02,3353.1,1
3069,09:30:02,3353.1,1
3070,09:30:02,3353.1,5
3071,09:30:02,3353.1,6
3072,09:30:02,3353.1,1
3073,09:30:02,3353.1,1
3074,09:30:02,3353.1,1
3075,09:30:02,3353.1,1
3076,09:30:02,3353.1,1
3077,09:30:02,3353.1,1
3078,09:30:02,3353.1,7
3079,09:30:02,3353.1,1
3080,09:30:02,3353.1,5
3081,09:30:02,3353.1,1
3082,09:30:02,3353.1,1
3083,09:30:02,3353.1,2
3084,09:30:02,3353.1,3
3085,09:30:02,3353.1,4
3086,09:30:02,3353.1,2
3087,09:30:02,3353.1,3
3088,09:30:02,3353.1,2
3089,09:30:02,3353.1,15
3090,09:30:02,3353.1,1
3091,09:30:02,3353.1,15
3092,09:30:02,3353.1,1
3093,09:30:02,3353.1,1
3094,09:30:02,3353.1,1
3095,09:30:02,3353.1,1
3096,09:30:02,3353.1,1
3097,09:30:02,3353.1,1
3098,09:30:02,3353.1,1
3099,09:30:02,3353.1,1
3100,09:30:02,3353.1,1
3101,09:30:02,3353.1,3
3102,09:30:02,3353.1,4
3103,09:30:02,3353.1,5
3104,09:30:02,3353.1,1
3105,09:30:02,3353.1,10
3106,09:30:02,3353.1,4
3107,09:30:02,3353.1,5
3108,09:30:02,3353.1,2
3109,09:30:02,3353.1,21
3110,09:30:02,3353.1,9
3111,09:30:02,3353.1,1
3112,09:30:02,3353.1,1
3113,09:30:02,3353.1,2
3114,09:30:02,3353.1,1
3115,09:30:02,3353.1,3
3116,09:30:02,3353.1,2
3117,09:30:02,3353.1,4
3118,09:30:02,3353.1,11
3119,09:30:02,3353.1,1
3120,09:30:02,3353.1,1
3121,09:30:02,3353.1,5
3122,09:30:02,3353.1,3
3123,09:30:02,3353.1,2
3124,09:30:02,3353.1,1
3125,09:30:02,3353.1,1
3126,09:30:02,3353.1,6
3127,09:30:02,3353.1,1
3128,09:30:02,3353.1,30
3129,09:30:02,3353.1,10
3130,09:30:02,3353.1,1
3131,09:30:02,3353.1,10
3132,09:30:02,3353.1,1
3133,09:30:02,3353.1,40
3134,09:30:02,3353.1,1
3135,09:30:02,3353.1,1
3136,09:30:02,3353.1,1
3137,09:30:02,3353.1,10
3138,09:30:02,3353.1,1
3139,09:30:02,3353.1,3
3140,09:30:02,3353.1,3
3141,09:30:02,3353.1,1
3142,09:30:02,3353.1,10
3143,09:30:02,3353.1,1
3144,09:30:02,3353.1,4
3145,09:30:02,3353.1,1
3146,09:30:02,3353.1,1
3147,09:30:02,3353.1,2
3148,09:30:02,3353.1,1
3149,09:30:02,3353.1,1
3150,09:30:02,3353.1,1
3151,09:30:02,3353.1,2
3152,09:30:02,3353.1,1
3153,09:30:02,3353.1,3
3154,09:30:02,3353.1,1
3155,09:30:02,3353.1,2
3156,09:30:02,3353.1,2
3157,09:30:02,3353.1,2
3158,09:30:02,3353.1,1
3159,09:30:02,3353.1,6
3160,09:30:02,3353.1,1
3161,09:30:02,3353.1,5
3162,09:30:02,3353.1,1
3163,09:30:02,3353.1,2
3164,09:30:02,3353.1,10
3165,09:30:02,3353.1,1
3166,09:30:02,3353.1,2
3167,09:30:02,3353.1,2
3168,09:30:02,3353.1,5
3169,09:30:02,3353.1,1
3170,09:30:02,3353.1,5
3171,09:30:02,3353.1,2
3172,09:30:02,3353.1,5
3173,09:30:02,3353.1,20
3174,09:30:02,3353.1,1
3175,09:30:02,3353.1,1
3176,09:30:02,3353.1,1
3177,09:30:02,3353.1,47
3178,09:30:02,3353.1,1
3179,09:30:02,3353.1,1
3180,09:30:02,3353.1,2
3181,09:30:02,3353.1,1
3182,09:30:02,3353.1,5
3183,09:30:02,3353.1,5
3184,09:30:02,3353.1,1
3185,09:30:02,3353.1,9
3186,09:30:02,3353.1,1
3187,09:30:02,3353.1,10
3188,09:30:02,3353.1,4
3189,09:30:02,3353.1,30
3190,09:30:02,3353.1,4
3191,09:30:02,3353.1,2
3192,09:30:02,3353.1,10
3193,09:30:02,3353.1,6
3194,09:30:02,3353.1,3
3195,09:30:02,3353.1,1
3196,09:30:02,3353.1,1
3197,09:30:02,3353.1,2
3198,09:30:02,3353.1,2
3199,09:30:02,3353.1,1
3200,09:30:02,3353.1,2
3201,09:30:02,3353.1,1
3202,09:30:02,3353.1,10
3203,09:30:02,3353.1,1
3204,09:30:02,3353.1,10
3205,09:30:02,3353.1,4
3206,09:30:02,3353.1,2
3207,09:30:02,3353.1,4
3208,09:30:02,3353.1,6
3209,09:30:02,3353.1,1
3210,09:30:02,3353.1,1
3211,09:30:02,3353.1,3
3212,09:30:02,3353.1,10
3213,09:30:02,3353.1,5
3214,09:30:02,3353.1,1
3215,09:30:02,3353.1,3
3216,09:30:02,3353.1,1
3217,09:30:02,3353.1,2
3218,09:30:02,3353.1,10
3219,09:30:02,3353.1,10
3220,09:30:02,3353.1,5
3221,09:30:02,3353.1,3
3222,09:30:02,3353.1,4
3223,09:30:02,3353.1,3
3224,09:30:02,3353.1,5
3225,09:30:02,3353.1,3
3226,09:30:02,3353.1,1
3227,09:30:02,3353.1,2
3228,09:30:02,3353.1,71
3229,09:30:02,3353.1,2
3230,09:30:02,3353.1,1
3231,09:30:02,3353.1,1
3232,09:30:02,3353.1,1
3233,09:30:02,3353.1,1
3234,09:30:02,3353.1,2
3235,09:30:02,3353.1,1
3236,09:30:02,3353.1,1
3237,09:30:02,3353.1,1
3238,09:30:02,3353.1,100
3239,09:30:02,3353.1,2
3240,09:30:02,3353.1,20
3241,09:30:02,3353.1,3
3242,09:30:02,3353.1,30
3243,09:30:02,3353.1,100
3244,09:30:02,3353.1,1
3245,09:30:02,3353.1,5
3246,09:30:02,3353.1,1
3247,09:30:02,3353.1,10
3248,09:30:02,3353.1,1
3249,09:30:02,3353.1,4
3250,09:30:02,3353.1,12
3251,09:30:02,3353.1,1
3252,09:30:02,3353.1,5
3253,09:30:02,3353.1,3
3254,09:30:02,3353.1,1
3255,09:30:02,3353.1,3
3256,09:30:02,3353.1,1
3257,09:30:02,3353.1,15
3258,09:30:02,3353.1,10
3259,09:30:02,3353.1,3
3260,09:30:02,3353.1,10
3261,09:30:02,3353.1,2
3262,09:30:02,3353.1,2
3263,09:30:02,3353.1,1
3264,09:30:02,3353.1,2
3265,09:30:02,3353.1,2
3266,09:30:02,3353.1,2
3267,09:30:02,3353.1,1
3268,09:30:02,3353.1,5
3269,09:30:02,3353.1,1
3270,09:30:02,3353.1,5
3271,09:30:02,3353.1,4
3272,09:30:02,3353.1,10
3273,09:30:02,3353.1,12
3274,09:30:02,3353.1,3
3275,09:30:02,3353.1,3
3276,09:30:02,3353.1,3
3277,09:30:02,3353.1,3
3278,09:30:02,3353.1,5
3279,09:30:02,3353.1,3
3280,09:30:02,3353.1,1
3281,09:30:02,3353.1,3
3282,09:30:02,3353.1,3
3283,09:30:02,3353.1,7
3284,09:30:02,3353.1,3
3285,09:30:02,3353.1,1
3286,09:30:02,3353.1,3
3287,09:30:02,3353.1,4
3288,09:30:02,3353.1,2
3289,09:30:02,3353.1,3
3290,09:30:02,3353.1,3
3291,09:30:02,3353.1,2
3292,09:30:02,3353.1,7
3293,09:30:02,3353.1,10
3294,09:30:02,3353.1,8
3295,09:30:02,3353.1,1
3296,09:30:02,3353.1,5
3297,09:30:02,3353.1,1
3298,09:30:02,3353.1,1
3299,09:30:02,3353.1,1
3300,09:30:02,3353.1,1
3301,09:30:02,3353.1,3
3302,09:30:02,3353.1,1
3303,09:30:02,3353.1,4
3304,09:30:02,3353.1,1
3305,09:30:02,3353.1,15
3306,09:30:02,3353.1,3
3307,09:30:02,3353.1,1
3308,09:30:02,3353.1,1
3309,09:30:02,3353.1,1
3310,09:30:02,3353.1,4
3311,09:30:02,3353.1,2
3312,09:30:02,3353.1,1
3313,09:30:02,3353.1,29
3314,09:30:02,3353.1,1
3315,09:30:02,3353.1,2
3316,09:30:02,3353.1,10
3317,09:30:02,3353.1,1
3318,09:30:02,3353.1,10
3319,09:30:02,3353.1,1
3320,09:30:02,3353.1,3
3321,09:30:02,3353.1,6
3322,09:30:02,3353.1,1
3323,09:30:02,3353.1,5
3324,09:30:02,3353.1,3
3325,09:30:02,3353.1,5
3326,09:30:02,3353.1,4
3327,09:30:02,3353.1,7
3328,09:30:02,3353.1,1
3329,09:30:02,3353.1,13
3330,09:30:02,3353.1,2
3331,09:30:02,3353.1,4
3332,09:30:02,3353.1,1
3333,09:30:02,3353.1,2
3334,09:30:02,3353.1,1
3335,09:30:02,3353.1,1
3336,09:30:02,3353.1,2
3337,09:30:02,3353.1,2
3338,09:30:02,3353.1,12
3339,09:30:02,3353.1,8
3340,09:30:02,3353.1,3
3341,09:30:02,3353.1,3
3342,09:30:02,3353.1,3
3343,09:30:02,3353.1,35
3344,09:30:02,3353.1,5
3345,09:30:02,3353.1,4
3346,09:30:02,3353.1,2
3347,09:30:02,3353.1,2
3348,09:30:02,3353.1,2
3349,09:30:02,3353.1,3
3350,09:30:02,3353.1,3
3351,09:30:02,3353.1,2
3352,09:30:02,3353.1,5
3353,09:30:02,3353.1,6
3354,09:30:02,3353.1,2
3355,09:30:02,3353.1,10
3356,09:30:02,3353.1,10
3357,09:30:02,3353.1,5
3358,09:30:02,3353.1,1
3359,09:30:02,3353.1,3
3360,09:30:02,3353.1,20
3361,09:30:02,3353.1,5
3362,09:30:02,3353.1,3
3363,09:30:02,3353.1,10
3364,09:30:02,3353.1,1
3365,09:30:02,3353.1,7
3366,09:30:02,3353.1,10
3367,09:30:02,3353.1,1
3368,09:30:02,3353.1,6
3369,09:30:02,3353.1,4
3370,09:30:02,3353.1,1
3371,09:30:02,3353.1,12
3372,09:30:02,3353.1,3
3373,09:30:02,3353.1,4
3374,09:30:02,3353.1,3
3375,09:30:02,3353.1,1
3376,09:30:02,3353.1,7
3377,09:30:02,3353.1,30
3378,09:30:02,3353.1,2
3379,09:30:02,3353.1,1
3380,09:30:02,3353.1,1
3381,09:30:02,3353.1,2
3382,09:30:02,3353.1,2
3383,09:30:02,3353.1,3
3384,09:30:02,3353.1,1
3385,09:30:02,3353.1,18
3386,09:30:02,3353.1,1
3387,09:30:02,3353.1,4
3388,09:30:02,3353.1,1
3389,09:30:02,3353.1,2
3390,09:30:02,3353.1,1
3391,09:30:02,3353.1,5
3392,09:30:02,3353.1,1
3393,09:30:02,3353.1,1
3394,09:30:02,3353.1,12
3395,09:30:02,3353.1,4
3396,09:30:02,3353.1,5
3397,09:30:02,3353.1,1
3398,09:30:02,3353.1,6
3399,09:30:02,3353.1,2
3400,09:30:02,3353.1,1
3401,09:30:02,3353.1,4
3402,09:30:02,3353.1,3
3403,09:30:02,3353.1,6
3404,09:30:02,3353.1,50
3405,09:30:02,3353.1,1
3406,09:30:02,3353.1,1
3407,09:30:02,3353.1,1
3408,09:30:02,3353.1,3
3409,09:30:02,3353.1,1
3410,09:30:02,3353.1,4
3411,09:30:02,3353.1,2
3412,09:30:02,3353.1,2
3413,09:30:02,3353.1,1
3414,09:30:02,3353.1,1
3415,09:30:02,3353.1,1
3416,09:30:02,3353.1,4
3417,09:30:02,3353.1,30
3418,09:30:02,3353.1,1
3419,09:30:02,3353.1,1
3420,09:30:02,3353.1,5
3421,09:30:02,3353.1,1
3422,09:30:02,3353.1,10
3423,09:30:02,3353.1,1
3424,09:30:02,3353.1,2
3425,09:30:02,3353.1,1
3426,09:30:02,3353.1,1
3427,09:30:02,3353.1,2
3428,09:30:02,3353.1,1
3429,09:30:02,3353.1,7
3430,09:30:02,3353.1,1
3431,09:30:02,3353.1,29
3432,09:30:02,3353.1,5
3433,09:30:02,3353.1,7
3434,09:30:02,3353.1,1
3435,09:30:02,3353.1,5
3436,09:30:02,3353.1,2
3437,09:30:02,3353.1,2
3438,09:30:02,3353.1,3
3439,09:30:02,3353.1,6
3440,09:30:02,3353.1,6
3441,09:30:02,3353.1,1
3442,09:30:02,3353.1,3
3443,09:30:02,3353.1,1
3444,09:30:02,3353.1,24
3445,09:30:02,3353.1,1
3446,09:30:02,3353.1,2
3447,09:30:02,3353.1,3
3448,09:30:02,3353.1,10
3449,09:30:02,3353.1,15
3450,09:30:02,3353.1,1
3451,09:30:02,3353.1,6
3452,09:30:02,3353.1,3
3453,09:30:02,3353.1,1
3454,09:30:02,3353.1,3
3455,09:30:02,3353.1,1
3456,09:30:02,3353.1,2
3457,09:30:02,3353.1,15
3458,09:30:02,3353.1,2
3459,09:30:02,3353.1,1
3460,09:30:02,3353.1,2
3461,09:30:02,3353.1,2
3462,09:30:02,3353.1,3
3463,09:30:02,3353.1,2
3464,09:30:02,3353.1,2
3465,09:30:02,3353.1,1
3466,09:30:02,3353.1,3
3467,09:30:02,3353.1,6
3468,09:30:02,3353.1,1
3469,09:30:02,3353.1,3
3470,09:30:02,3353.1,1
3471,09:30:02,3353.1,1
3472,09:30:02,3353.1,3
3473,09:30:02,3353.1,1
3474,09:30:02,3353.1,1
3475,09:30:02,3353.1,1
3476,09:30:02,3353.1,1
3477,09:30:02,3353.1,2
3478,09:30:02,3353.1,2
3479,09:30:02,3353.1,3
3480,09:30:02,3353.1,1
3481,09:30:02,3353.1,1
3482,09:30:02,3353.1,1
3483,09:30:02,3353.1,1
3484,09:30:02,3353.1,1
3485,09:30:02,3353.1,1
3486,09:30:02,3353.1,3
3487,09:30:02,3353.1,1
3488,09:30:02,3353.1,1
3489,09:30:02,3353.1,2
3490,09:30:02,3353.1,1
3491,09:30:02,3353.1,2
3492,09:30:02,3353.1,2
3493,09:30:02,3353.1,2
3494,09:30:02,3353.1,1
3495,09:30:02,3353.1,1
3496,09:30:02,3353.1,2
3497,09:30:02,3353.1,2
3498,09:30:02,3353.1,2
3499,09:30:02,3353.1,1
3500,09:30:02,3353.1,2
3501,09:30:02,3353.1,1
3502,09:30:02,3353.1,9
3503,09:30:02,3353.1,2
3504,09:30:02,3353.1,1
3505,09:30:02,3353.1,2
3506,09:30:02,3353.1,1
3507,09:30:02,3353.1,1
3508,09:30:02,3353.1,13
3509,09:30:02,3353.1,15
3510,09:30:02,3353.1,13
3511,09:30:02,3353.1,4
3512,09:30:02,3353.1,3
3513,09:30:02,3353.1,1
3514,09:30:02,3353.1,1
3515,09:30:02,3353.1,3
3516,09:30:02,3353.1,6
3517,09:30:02,3353.1,3
3518,09:30:02,3353.1,4
3519,09:30:02,3353.1,1
3520,09:30:02,3353.1,1
3521,09:30:02,3353.1,1
3522,09:30:02,3353.1,2
3523,09:30:02,3353.1,2
3524,09:30:02,3353.1,3
3525,09:30:02,3353.1,1
3526,09:30:02,3353.1,8
3527,09:30:02,3353.1,25
3528,09:30:02,3353.1,50
3529,09:30:02,3353.1,5
3530,09:30:02,3353.1,1
3531,09:30:02,3353.1,2
3532,09:30:02,3353.1,1
3533,09:30:02,3353.1,1
3534,09:30:02,3353.1,1
3535,09:30:02,3353.1,50
3536,09:30:02,3353.1,19
3537,09:30:02,3353.1,1
3538,09:30:02,3353.1,2
3539,09:30:02,3353.1,5
3540,09:30:02,3353.1,8
3541,09:30:02,3353.1,3
3542,09:30:02,3353.1,1
3543,09:30:02,3353.1,2
3544,09:30:02,3353.1,2
3545,09:30:02,3353.1,2
3546,09:30:02,3353.1,25
3547,09:30:02,3353.1,10
3548,09:30:02,3353.1,2
3549,09:30:02,3353.1,15
3550,09:30:02,3353.1,26
3551,09:30:02,3353.1,2
3552,09:30:02,3353.1,15
3553,09:30:02,3353.1,5
3554,09:30:02,3353.1,1
3555,09:30:02,3353.1,4
3556,09:30:02,3353.1,1
3557,09:30:02,3353.1,1
3558,09:30:02,3353.1,1
3559,09:30:02,3353.1,1
3560,09:30:02,3353.1,1
3561,09:30:02,3353.1,1
3562,09:30:02,3353.1,1
3563,09:30:02,3353.1,1
3564,09:30:02,3353.1,1
3565,09:30:02,3353.1,1
3566,09:30:02,3353.1,1
3567,09:30:02,3353.1,1
3568,09:30:02,3353.1,1
3569,09:30:02,3353.1,1
3570,09:30:02,3353.1,10
3571,09:30:02,3353.1,1
3572,09:30:02,3353.1,1
3573,09:30:02,3353.1,10
3574,09:30:02,3353.1,1
3575,09:30:02,3353.1,1
3576,09:30:02,3353.1,1
3577,09:30:02,3353.1,1
3578,09:30:02,3353.1,2
3579,09:30:02,3353.1,1
3580,09:30:02,3353.1,32
3581,09:30:02,3353.1,3
3582,09:30:02,3353.1,1
3583,09:30:02,3353.1,5
3584,09:30:02,3353.1,1
3585,09:30:02,3353.1,20
3586,09:30:02,3353.1,10
3587,09:30:02,3353.1,50
3588,09:30:02,3353.1,2
3589,09:30:02,3353.1,5
3590,09:30:02,3353.1,3
3591,09:30:02,3353.1,20
3592,09:30:02,3353.1,2
3593,09:30:02,3353.1,3
3594,09:30:02,3353.1,1
3595,09:30:02,3353.1,1
3596,09:30:02,3353.1,10
3597,09:30:02,3353.1,1
3598,09:30:02,3353.1,1
3599,09:30:02,3353.1,25
3600,09:30:02,3353.1,3
3601,09:30:02,3353.1,2
3602,09:30:02,3353.1,23
3603,09:30:02,3353.1,1
3604,09:30:02,3353.1,1
3605,09:30:02,3353.1,6
3606,09:30:02,3353.1,4
3607,09:30:02,3353.1,1
3608,09:30:02,3353.1,2
3609,09:30:02,3353.1,1
3610,09:30:02,3353.1,1
3611,09:30:02,3353.1,9
3612,09:30:02,3353.1,10
3613,09:30:02,3353.1,3
3614,09:30:02,3353.1,2
3615,09:30:02,3353.1,1
3616,09:30:02,3353.1,1
3617,09:30:02,3353.1,9
3618,09:30:02,3353.1,2
3619,09:30:02,3353.1,2
3620,09:30:02,3353.1,9
3621,09:30:02,3353.1,1
3622,09:30:02,3353.1,10
3623,09:30:02,3353.1,1
3624,09:30:02,3353.1,1
3625,09:30:02,3353.1,1
3626,09:30:02,3353.1,5
3627,09:30:02,3353.1,39
3628,09:30:02,3353.1,1
3629,09:30:02,3353.1,15
3630,09:30:02,3353.1,3
3631,09:30:02,3353.1,1
3632,09:30:02,3353.1,1
3633,09:30:02,3353.1,1
3634,09:30:02,3353.1,2
3635,09:30:02,3353.1,5
3636,09:30:02,3353.1,1
3637,09:30:02,3353.1,1
3638,09:30:02,3353.1,1
3639,09:30:02,3353.1,3
3640,09:30:02,3353.1,2
3641,09:30:02,3353.1,1
3642,09:30:02,3353.1,3
3643,09:30:02,3353.1,7
3644,09:30:02,3353.1,1
3645,09:30:02,3353.1,3
3646,09:30:02,3353.1,2
3647,09:30:02,3353.1,3
3648,09:30:02,3353.1,10
3649,09:30:02,3353.1,2
3650,09:30:02,3353.1,1
3651,09:30:02,3353.1,4
3652,09:30:02,3353.1,2
3653,09:30:02,3353.1,5
3654,09:30:02,3353.1,1
3655,09:30:02,3353.1,30
3656,09:30:02,3353.1,1
3657,09:30:02,3353.1,1
3658,09:30:02,3353.1,2
3659,09:30:02,3353.1,1
3660,09:30:02,3353.1,3
3661,09:30:02,3353.1,2
3662,09:30:02,3353.1,2
3663,09:30:02,3353.1,3
3664,09:30:02,3353.1,1
3665,09:30:02,3353.1,1
3666,09:30:02,3353.1,3
3667,09:30:02,3353.1,1
3668,09:30:02,3353.1,1
3669,09:30:02,3353.1,1
3670,09:30:02,3353.1,12
3671,09:30:02,3353.1,1
3672,09:30:02,3353.1,1
3673,09:30:02,3353.1,7
3674,09:30:02,3353.1,4
3675,09:30:02,3353.1,1
3676,09:30:02,3353.1,6
3677,09:30:02,3353.1,2
3678,09:30:02,3353.1,10
3679,09:30:02,3353.1,1
3680,09:30:02,3353.1,1
3681,09:30:02,3353.1,2
3682,09:30:02,3353.1,20
3683,09:30:02,3353.1,2
3684,09:30:02,3353.1,1
3685,09:30:02,3353.1,2
3686,09:30:02,3353.1,1
3687,09:30:02,3353.1,2
3688,09:30:02,3353.1,3
3689,09:30:02,3353.1,20
3690,09:30:02,3353.1,3
3691,09:30:02,3353.1,1
3692,09:30:02,3353.1,30
3693,09:30:02,3353.1,1
3694,09:30:02,3353.1,1
3695,09:30:02,3353.1,1
3696,09:30:02,3353.1,2
3697,09:30:02,3353.1,11
3698,09:30:02,3353.1,10
3699,09:30:02,3353.1,7
3700,09:30:02,3353.1,5
3701,09:30:02,3353.1,2
3702,09:30:02,3353.1,5
3703,09:30:02,3353.1,3
3704,09:30:02,3353.1,1
3705,09:30:02,3353.1,1
3706,09:30:02,3353.1,7
3707,09:30:02,3353.1,1
3708,09:30:02,3353.1,1
3709,09:30:02,3353.1,4
3710,09:30:02,3353.1,2
3711,09:30:02,3353.1,6
3712,09:30:02,3353.1,1
3713,09:30:02,3353.1,5
3714,09:30:02,3353.1,5
3715,09:30:02,3353.1,1
3716,09:30:02,3353.1,6
3717,09:30:02,3353.1,6
3718,09:30:02,3353.1,10
3719,09:30:02,3353.1,2
3720,09:30:02,3353.1,2
3721,09:30:02,3353.1,1
3722,09:30:02,3353.1,1
3723,09:30:02,3353.1,6
3724,09:30:02,3353.1,3
3725,09:30:02,3353.1,2
3726,09:30:02,3353.1,2
3727,09:30:02,3353.1,1
3728,09:30:02,3353.1,100
3729,09:30:02,3353.1,1
3730,09:30:02,3353.1,3
3731,09:30:02,3353.1,30
3732,09:30:02,3353.1,1
3733,09:30:02,3353.1,2
3734,09:30:02,3353.1,2
3735,09:30:02,3353.1,5
3736,09:30:02,3353.1,1
3737,09:30:02,3353.1,4
3738,09:30:02,3353.1,1
3739,09:30:02,3353.1,1
3740,09:30:02,3353.1,3
3741,09:30:02,3353.1,1
3742,09:30:02,3353.1,5
3743,09:30:02,3353.1,1
3744,09:30:02,3353.1,3
3745,09:30:02,3353.1,1
3746,09:30:02,3353.1,3
3747,09:30:02,3353.1,1
3748,09:30:02,3353.1,2
3749,09:30:02,3353.1,1
3750,09:30:02,3353.1,2
3751,09:30:02,3353.1,2
3752,09:30:02,3353.1,7
3753,09:30:02,3353.1,4
3754,09:30:02,3353.1,6
3755,09:30:02,3353.1,4
3756,09:30:02,3353.1,10
3757,09:30:02,3353.1,2
3758,09:30:02,3353.1,10
3759,09:30:02,3353.1,2
3760,09:30:02,3353.1,3
3761,09:30:02,3353.1,22
3762,09:30:02,3353.1,4
3763,09:30:02,3353.1,7
3764,09:30:02,3353.1,5
3765,09:30:02,3353.1,2
3766,09:30:02,3353.1,1
3767,09:30:02,3353.1,2
3768,09:30:02,3353.1,1
3769,09:30:02,3353.1,1
3770,09:30:02,3353.1,1
3771,09:30:02,3353.1,1
3772,09:30:02,3353.1,1
3773,09:30:02,3353.1,25
3774,09:30:02,3353.1,5
3775,09:30:02,3353.1,1
3776,09:30:02,3353.1,1
3777,09:30:02,3353.1,25
3778,09:30:02,3353.1,1
3779,09:30:02,3353.1,1
3780,09:30:02,3353.1,2
3781,09:30:02,3353.1,3
3782,09:30:02,3353.1,3
3783,09:30:02,3353.1,2
3784,09:30:02,3353.1,1
3785,09:30:02,3353.1,1
3786,09:30:02,3353.1,1
3787,09:30:02,3353.1,4
3788,09:30:02,3353.1,1
3789,09:30:02,3353.1,1
3790,09:30:02,3353.1,1
3791,09:30:02,3353.1,1
3792,09:30:02,3353.1,1
3793,09:30:02,3353.1,1
3794,09:30:02,3353.1,5
3795,09:30:02,3353.1,2
3796,09:30:02,3353.1,1
3797,09:30:02,3353.1,1
3798,09:30:02,3353.1,1
3799,09:30:02,3353.1,7
3800,09:30:02,3353.1,3
3801,09:30:02,3353.1,2
3802,09:30:02,3353.1,5
3803,09:30:02,3353.1,5
3804,09:30:02,3353.1,1
3805,09:30:02,3353.1,12
3806,09:30:02,3353.1,3
3807,09:30:02,3353.1,1
3808,09:30:02,3353.1,3
3809,09:30:02,3353.1,1
3810,09:30:02,3353.1,30
3811,09:30:02,3353.1,1
3812,09:30:02,3353.1,1
3813,09:30:02,3353.1,1
3814,09:30:02,3353.1,1
3815,09:30:02,3353.1,15
3816,09:30:02,3353.1,1
3817,09:30:02,3353.1,2
3818,09:30:02,3353.1,6
3819,09:30:02,3353.1,3
3820,09:30:02,3353.1,3
3821,09:30:02,3353.1,3
3822,09:30:02,3353.1,5
3823,09:30:02,3353.1,2
3824,09:30:02,3353.1,3
3825,09:30:02,3353.1,4
3826,09:30:02,3353.1,1
3827,09:30:02,3353.1,1
3828,09:30:02,3353.1,189
3829,09:30:02,3353.1,1
3830,09:30:02,3353.1,1
3831,09:30:02,3353.1,1
3832,09:30:02,3353.1,1
3833,09:30:02,3353.1,4
3834,09:30:02,3353.1,4
3835,09:30:02,3353.1,1
3836,09:30:02,3353.1,8
3837,09:30:02,3353.1,1
3838,09:30:02,3353.1,3
3839,09:30:02,3353.1,4
3840,09:30:02,3353.1,5
3841,09:30:02,3353.1,2
3842,09:30:02,3353.1,1
3843,09:30:02,3353.1,3
3844,09:30:02,3353.1,10
3845,09:30:02,3353.1,3
3846,09:30:02,3353.1,150
3847,09:30:02,3353.1,9
3848,09:30:02,3353.1,2
3849,09:30:02,3353.1,3
3850,09:30:02,3353.1,10
3851,09:30:02,3353.1,15
3852,09:30:02,3353.1,5
3853,09:30:02,3353.1,40
3854,09:30:02,3353.1,15
3855,09:30:02,3353.1,20
3856,09:30:02,3353.1,3
3857,09:30:02,3353.1,5
3858,09:30:02,3353.1,1
3859,09:30:02,3353.1,6
3860,09:30:02,3353.1,30
3861,09:30:02,3353.1,6
3862,09:30:02,3353.1,2
3863,09:30:02,3353.1,151
3864,09:30:02,3353.1,4
3865,09:30:02,3353.1,1000
3866,09:30:02,3353.1,1
3867,09:30:02,3353.1,10
3868,09:30:02,3353.1,8
3869,09:30:02,3353.1,34
3870,09:30:02,3353.1,1
3871,09:30:02,3353.1,7
3872,09:30:02,3353.1,2
3873,09:30:02,3353.1,60
3874,09:30:02,3353.1,71
3875,09:30:02,3353.1,60
3876,09:30:02,3353.1,1
3877,09:30:02,3353.1,40
3878,09:30:02,3353.1,30
3879,09:30:02,3353.1,5
3880,09:30:02,3353.1,30
3881,09:30:02,3353.1,129
3882,09:30:02,3353.1,7
3883,09:30:02,3353.1,5
3884,09:30:02,3353.1,13
3885,09:30:02,3353.1,4
3886,09:30:02,3353.1,100
3887,09:30:02,3353.1,2
3888,09:30:02,3353.1,10
3889,09:30:02,3353.1,1
3890,09:30:02,3353.1,5
3891,09:30:02,3353.1,1
3892,09:30:02,3353.1,1
3893,09:30:02,3353.1,1
3894,09:30:02,3353.1,1
3895,09:30:02,3353.1,1
3896,09:30:02,3353.1,4
3897,09:30:02,3353.1,3
3898,09:30:02,3353.1,1
3899,09:30:02,3353.1,1
3900,09:30:02,3353.1,1
3901,09:30:02,3353.1,1
3902,09:30:02,3353.1,1
3903,09:30:02,3353.1,1
3904,09:30:02,3353.1,1
3905,09:30:02,3353.1,1
3906,09:30:02,3353.1,1
3907,09:30:02,3353.1,1
3908,09:30:02,3353.1,1
3909,09:30:02,3353.1,1
3910,09:30:02,3353.1,1
3911,09:30:02,3353.1,1
3912,09:30:02,3353.1,1
3913,09:30:02,3353.1,1
3914,09:30:02,3353.1,1
3915,09:30:02,3353.1,1
3916,09:30:02,3353.1,1
3917,09:30:02,3353.1,1
3918,09:30:02,3353.1,1
3919,09:30:02,3353.1,1
3920,09:30:02,3353.1,1
3921,09:30:02,3353.1,1
3922,09:30:02,3353.1,1
3923,09:30:02,3353.1,1
3924,09:30:02,3353.1,1
3925,09:30:02,3353.1,2
3926,09:30:02,3353.1,1
3927,09:30:02,3353.1,1
3928,09:30:02,3353.1,1
3929,09:30:02,3353.1,1
3930,09:30:02,3353.1,1
3931,09:30:02,3353.1,1
3932,09:30:02,3353.1,1
3933,09:30:02,3353.1,1
3934,09:30:02,3353.1,1
3935,09:30:02,3353.1,1
3936,09:30:02,3353.1,1
3937,09:30:02,3353.1,153
3938,09:30:02,3353.1,1
3939,09:30:02,3353.1,1
3940,09:30:02,3353.1,1
3941,09:30:02,3353.1,1
3942,09:30:02,3353.1,1
3943,09:30:02,3353.1,1
3944,09:30:02,3353.1,4
3945,09:30:02,3353.1,1
3946,09:30:02,3353.1,1
3947,09:30:02,3353.1,1
3948,09:30:02,3353.1,1
3949,09:30:02,3353.1,1
3950,09:30:02,3353.1,1
3951,09:30:02,3353.1,1
3952,09:30:02,3353.1,3
3953,09:30:02,3353.1,1
3954,09:30:02,3353.1,1
3955,09:30:02,3353.1,1
3956,09:30:02,3353.1,1
3957,09:30:02,3353.1,1
3958,09:30:02,3353.1,1
3959,09:30:02,3353.1,1
3960,09:30:02,3353.1,1
3961,09:30:02,3353.1,1
3962,09:30:02,3353.1,1
3963,09:30:02,3353.1,1
3964,09:30:02,3353.1,1
3965,09:30:02,3353.1,1
3966,09:30:02,3353.1,1
3967,09:30:02,3353.1,1
3968,09:30:02,3353.1,1
3969,09:30:02,3353.1,1
3970,09:30:02,3353.1,15
3971,09:30:02,3353.1,1
3972,09:30:02,3353.1,1
3973,09:30:02,3353.1,1
3974,09:30:02,3353.1,1
3975,09:30:02,3353.1,2
3976,09:30:02,3353.1,1
3977,09:30:02,3353.1,1
3978,09:30:02,3353.1,1
3979,09:30:02,3353.1,1
3980,09:30:02,3353.1,1
3981,09:30:02,3353.1,1
3982,09:30:02,3353.1,1
3983,09:30:02,3353.1,1
3984,09:30:02,3353.1,1
3985,09:30:02,3353.1,1
3986,09:30:02,3353.1,1
3987,09:30:02,3353.1,1
3988,09:30:02,3353.1,1
3989,09:30:02,3353.1,1
3990,09:30:02,3353.1,1
3991,09:30:02,3353.1,1
3992,09:30:02,3353.1,1
3993,09:30:02,3353.1,1
3994,09:30:02,3353.1,1
3995,09:30:02,3353.1,1
3996,09:30:02,3353.1,1
3997,09:30:02,3353.1,1
3998,09:30:02,3353.1,1
3999,09:30:02,3353.1,1
4000,09:30:02,3353.1,1
4001,09:30:02,3353.1,1
4002,09:30:02,3353.1,1
4003,09:30:02,3353.1,1
4004,09:30:02,3353.1,1
4005,09:30:02,3353.1,1
4006,09:30:02,3353.1,1
4007,09:30:02,3353.1,1
4008,09:30:02,3353.1,1
4009,09:30:02,3353.1,10
4010,09:30:02,3353.1,1
4011,09:30:02,3353.1,1
4012,09:30:02,3353.1,1
4013,09:30:02,3353.1,1
4014,09:30:02,3353.1,4
4015,09:30:02,3353.1,2
4016,09:30:02,3353.1,3
4017,09:30:02,3353.1,1
4018,09:30:02,3353.1,15
4019,09:30:02,3353.1,1
4020,09:30:02,3353.1,9
4021,09:30:02,3353.1,10
4022,09:30:02,3353.1,3
4023,09:30:02,3353.1,10
4024,09:30:02,3353.1,5
4025,09:30:02,3353.1,4
4026,09:30:02,3353.1,2
4027,09:30:02,3353.1,2
4028,09:30:02,3353.1,1
4029,09:30:02,3353.1,1
4030,09:30:02,3353.1,1
4031,09:30:02,3353.1,8
4032,09:30:02,3353.1,1
4033,09:30:02,3353.1,1
4034,09:30:02,3353.1,2
4035,09:30:02,3353.1,1
4036,09:30:02,3353.1,2
4037,09:30:02,3353.1,1
4038,09:30:02,3353.1,5
4039,09:30:02,3353.1,1
4040,09:30:02,3353.1,12
4041,09:30:02,3353.1,10
4042,09:30:02,3353.1,1
4043,09:30:02,3353.1,2
4044,09:30:02,3353.1,1
4045,09:30:02,3353.1,1
4046,09:30:02,3353.1,5
4047,09:30:02,3353.1,2
4048,09:30:02,3353.1,2
4049,09:30:02,3353.1,5
4050,09:30:02,3353.1,1
4051,09:30:02,3353.1,1
4052,09:30:02,3353.1,1
4053,09:30:02,3353.1,3
4054,09:30:02,3353.1,2
4055,09:30:02,3353.1,1
4056,09:30:02,3353.1,1
4057,09:30:02,3353.1,1
4058,09:30:02,3353.1,1
4059,09:30:02,3353.1,1
4060,09:30:02,3353.1,1
4061,09:30:02,3353.1,1
4062,09:30:02,3353.1,2
4063,09:30:02,3353.1,5
4064,09:30:02,3353.1,1
4065,09:30:02,3353.1,3
4066,09:30:02,3353.1,10
4067,09:30:02,3353.1,1
4068,09:30:02,3353.1,1
4069,09:30:02,3353.1,8
4070,09:30:02,3353.1,2
4071,09:30:02,3353.1,1
4072,09:30:02,3353.1,1
4073,09:30:02,3353.1,5
4074,09:30:02,3353.1,1
4075,09:30:02,3353.1,1
4076,09:30:02,3353.1,1
4077,09:30:02,3353.1,10
4078,09:30:02,3353.1,10
4079,09:30:02,3353.1,1
4080,09:30:02,3353.1,10
4081,09:30:02,3353.1,1
4082,09:30:02,3353.1,1
4083,09:30:02,3353.1,1
4084,09:30:02,3353.1,100
4085,09:30:02,3353.1,3
4086,09:30:02,3353.1,2
4087,09:30:02,3353.1,1
4088,09:30:02,3353.1,10
4089,09:30:02,3353.1,2
4090,09:30:02,3353.1,4
4091,09:30:02,3353.1,1
4092,09:30:02,3353.1,10
4093,09:30:02,3353.1,50
4094,09:30:02,3353.1,35
4095,09:30:02,3353.1,5
4096,09:30:02,3353.1,2
4097,09:30:02,3353.1,1
4098,09:30:02,3353.1,2
4099,09:30:02,3353.1,3
4100,09:30:02,3353.1,1
4101,09:30:02,3353.1,1
4102,09:30:02,3353.1,1
4103,09:30:02,3353.1,1
4104,09:30:02,3353.1,3
4105,09:30:02,3353.1,1
4106,09:30:02,3353.1,3
4107,09:30:02,3353.1,1
4108,09:30:02,3353.1,5
4109,09:30:02,3353.1,1
4110,09:30:02,3353.1,1
4111,09:30:02,3353.1,2
4112,09:30:02,3353.1,3
4113,09:30:02,3353.1,1
4114,09:30:02,3353.1,1
4115,09:30:02,3353.1,2
4116,09:30:02,3353.1,1
4117,09:30:02,3353.1,1
4118,09:30:02,3353.1,1
4119,09:30:02,3353.1,5
4120,09:30:02,3353.1,1
4121,09:30:02,3353.1,5
4122,09:30:02,3353.1,30
4123,09:30:02,3353.1,2
4124,09:30:02,3353.1,1
4125,09:30:02,3353.1,3
4126,09:30:02,3353.1,1
4127,09:30:02,3353.1,1
4128,09:30:02,3353.1,5
4129,09:30:02,3353.1,8
4130,09:30:02,3353.1,14
4131,09:30:02,3353.1,1
4132,09:30:02,3353.1,1
4133,09:30:02,3353.1,5
4134,09:30:02,3353.1,2
4135,09:30:02,3353.1,8
4136,09:30:02,3353.1,15
4137,09:30:02,3353.1,1
4138,09:30:02,3353.1,2
4139,09:30:02,3353.1,1
4140,09:30:02,3353.1,1
4141,09:30:02,3353.1,1
4142,09:30:02,3353.1,1
4143,09:30:02,3353.1,2
4144,09:30:02,3353.1,1
4145,09:30:02,3353.1,1
4146,09:30:02,3353.1,2
4147,09:30:02,3353.1,1
4148,09:30:02,3353.1,2
4149,09:30:02,3353.1,5
4150,09:30:02,3353.1,5
4151,09:30:02,3353.1,10
4152,09:30:02,3353.1,1
4153,09:30:02,3353.1,4
4154,09:30:02,3353.1,1
4155,09:30:02,3353.1,1
4156,09:30:02,3353.1,1
4157,09:30:02,3353.1,1
4158,09:30:02,3353.1,3
4159,09:30:02,3353.1,1
4160,09:30:02,3353.1,7
4161,09:30:02,3353.1,1
4162,09:30:02,3353.1,3
4163,09:30:02,3353.1,3
4164,09:30:02,3353.1,15
4165,09:30:02,3353.1,1
4166,09:30:02,3353.1,16
4167,09:30:02,3353.1,1
4168,09:30:02,3353.1,2
4169,09:30:02,3353.1,1
4170,09:30:02,3353.1,1
4171,09:30:02,3353.1,1
4172,09:30:02,3353.1,6
4173,09:30:02,3353.1,3
4174,09:30:02,3353.1,3
4175,09:30:02,3353.1,2
4176,09:30:02,3353.1,2
4177,09:30:02,3353.1,1
4178,09:30:02,3353.1,1
4179,09:30:02,3353.1,1
4180,09:30:02,3353.1,3
4181,09:30:02,3353.1,15
4182,09:30:02,3353.1,1
4183,09:30:02,3353.1,1
4184,09:30:02,3353.1,1
4185,09:30:02,3353.1,1
4186,09:30:02,3353.1,12
4187,09:30:02,3353.1,1
4188,09:30:02,3353.1,1
4189,09:30:02,3353.1,10
4190,09:30:02,3353.1,3
4191,09:30:02,3353.1,3
4192,09:30:02,3353.1,1
4193,09:30:02,3353.1,2
4194,09:30:02,3353.1,4
4195,09:30:02,3353.1,10
4196,09:30:02,3353.1,2
4197,09:30:02,3353.1,2
4198,09:30:02,3353.1,1
4199,09:30:02,3353.1,5
4200,09:30:02,3353.1,10
4201,09:30:02,3353.1,3
4202,09:30:02,3353.1,5
4203,09:30:02,3353.1,1
