,NLS Time (ET),NLS Price,NLS Share Volume
0,09:59:42,3397.3,108
1,09:59:42,3397.35,100
2,09:59:42,3398.09,100
3,09:59:42,3398.04,100
4,09:59:42,3398.25,100
5,09:59:41,3398.655,100
6,09:59:39,3398.48,100
7,09:59:39,3398.42,141
8,09:59:39,3398.42,115
9,09:59:39,3398.42,144
10,09:59:39,3398.91,100
11,09:59:39,3398.935,100
12,09:59:28,3398.42,100
13,09:59:18,3398.965,100
14,09:59:15,3398.76,115
15,09:59:15,3398.76,125
16,09:59:15,3398.76,115
17,09:59:07,3397.4986,750
18,09:59:01,3399.38,100
19,09:58:59,3399.38,100
20,09:58:58,3397.265,100
21,09:58:58,3397.33,100
22,09:58:56,3396.52,100
23,09:58:56,3396.8299,100
24,09:58:54,3397.45,250
25,09:58:54,3397.12,100
26,09:58:53,3397.27,100
27,09:58:48,3395.515,100
28,09:58:35,3395.43,100
29,09:58:35,3395.47,100
30,09:58:35,3395.22,100
31,09:58:35,3395.47,100
32,09:58:35,3395.43,100
33,09:58:20,3394.07,100
34,09:58:15,3394.94,100
35,09:58:15,3395.88,100
36,09:58:15,3395.88,100
37,09:58:15,3395.05,100
38,09:58:15,3395.21,100
39,09:58:15,3395.2,100
40,09:58:15,3395.2,100
41,09:58:14,3394.0,100
42,09:58:06,3393.855,100
43,09:58:03,3394.48,200
44,09:57:51,3391.54,100
45,09:57:51,3391.5,189
46,09:57:51,3391.5,111
47,09:57:45,3392.39,100
48,09:57:45,3393.18,294
49,09:57:45,3392.42,100
50,09:57:45,3392.42,100
51,09:57:40,3392.02,100
52,09:57:38,3392.9378,173
53,09:57:38,3392.8318,110
54,09:57:38,3392.8318,216
55,09:57:37,3393.3,100
56,09:57:28,3393.855,144
57,09:57:28,3394.04,100
58,09:57:28,3394.6,200
59,09:57:28,3394.6,100
60,09:57:10,3393.05,125
61,09:57:09,3393.23,100
62,09:57:09,3393.2,100
63,09:57:09,3393.045,100
64,09:56:52,3393.09,100
65,09:56:51,3393.0,120
66,09:56:49,3393.562,100
67,09:56:49,3393.438,100
68,09:56:49,3393.442,100
69,09:56:46,3391.5724,100
70,09:56:38,3391.0001,100
71,09:56:37,3392.47,100
72,09:56:37,3392.48,100
73,09:56:33,3392.5,100
74,09:56:29,3393.0,198
75,09:56:28,3393.0,102
76,09:56:28,3393.0,100
77,09:56:25,3392.985,100
78,09:56:24,3393.635,100
79,09:56:21,3394.2,100
80,09:56:21,3394.2,100
81,09:56:19,3393.435,100
82,09:56:19,3393.34,100
83,09:56:17,3393.8775,300
84,09:56:17,3394.425,200
85,09:56:17,3395.0,100
86,09:56:17,3395.27,100
87,09:56:17,3395.0,300
88,09:56:17,3395.01,100
89,09:56:15,3395.98,100
90,09:56:10,3395.945,100
91,09:56:07,3396.035,127
92,09:56:07,3396.0,100
93,09:55:54,3396.01,100
94,09:55:54,3396.01,100
95,09:55:54,3397.0,200
96,09:55:50,3398.0,100
97,09:55:47,3399.18,100
98,09:55:47,3399.4,100
99,09:55:45,3398.75,100
100,09:55:45,3399.5,100
101,09:55:45,3399.01,100
102,09:55:45,3399.11,100
103,09:55:45,3399.05,100
104,09:55:45,3399.01,100
105,09:55:42,3399.95,100
106,09:55:38,3400.315,100
107,09:55:25,3399.215,136
108,09:55:11,3399.115,100
109,09:55:11,3399.115,100
110,09:54:59,3401.1796,100
111,09:54:59,3401.23,100
112,09:54:41,3402.0,100
113,09:54:41,3402.0,100
114,09:54:37,3401.415,100
115,09:54:35,3401.795,100
116,09:54:11,3398.795,145
117,09:54:06,3398.5179,100
118,09:54:00,3398.11,265
119,09:54:00,3398.383,100
120,09:54:00,3397.9,100
121,09:53:58,3398.75,100
122,09:53:58,3398.02,100
123,09:53:44,3398.02,100
124,09:53:42,3399.0,100
125,09:53:41,3400.0,495
126,09:53:41,3400.0,100
127,09:53:39,3400.0,100
128,09:53:34,3400.99,400
129,09:53:28,3399.9,100
130,09:53:28,3399.9,100
131,09:53:27,3400.205,116
132,09:53:27,3399.9,100
133,09:53:27,3400.0,140
134,09:53:27,3399.91,100
135,09:53:27,3399.9,100
136,09:53:27,3399.9,100
137,09:53:27,3399.9,100
138,09:53:27,3399.9,100
139,09:53:22,3400.62,100
140,09:53:15,3399.9001,100
141,09:53:11,3401.84,100
142,09:53:11,3401.32,100
143,09:53:11,3400.241,257
144,09:53:10,3401.28,100
145,09:53:03,3402.0,100
146,09:53:03,3402.0,100
147,09:53:01,3401.43,100
148,09:52:59,3401.94,200
149,09:52:59,3401.94,125
150,09:52:59,3402.85,240
151,09:52:58,3401.94,100
152,09:52:57,3402.82,100
153,09:52:55,3401.94,200
154,09:52:46,3402.69,100
155,09:52:43,3401.355,129
156,09:52:43,3402.73,100
157,09:52:42,3401.2064,100
158,09:52:37,3404.17,100
159,09:52:27,3403.37,100
160,09:52:21,3404.52,100
161,09:52:21,3404.56,100
162,09:52:21,3404.9198,246
163,09:52:18,3403.1895,100
164,09:52:17,3403.65,100
165,09:52:17,3403.2,100
166,09:52:09,3403.77,100
167,09:52:08,3403.39,100
168,09:52:02,3403.98,100
169,09:52:02,3404.005,100
170,09:52:02,3402.99,100
171,09:51:59,3402.02,126
172,09:51:43,3401.01,100
173,09:51:42,3401.815,100
174,09:51:42,3401.92,100
175,09:51:42,3401.8,100
176,09:51:42,3401.94,100
177,09:51:42,3401.01,100
178,09:51:42,3400.51,100
179,09:51:41,3401.31,100
180,09:51:37,3401.28,100
181,09:51:37,3399.68,100
182,09:51:35,3399.445,100
183,09:51:35,3399.04,100
184,09:51:35,3399.11,100
185,09:51:35,3399.0,212
186,09:51:35,3399.0,100
187,09:51:35,3399.0,127
188,09:51:19,3399.99,100
189,09:51:18,3399.6,100
190,09:51:18,3399.5,100
191,09:51:11,3400.03,100
192,09:51:11,3399.98,100
193,09:51:06,3401.5692,100
194,09:50:56,3400.0,100
195,09:50:56,3400.0,800
196,09:50:56,3400.0,400
197,09:50:56,3400.0,100
198,09:50:51,3400.235,100
199,09:50:50,3400.17,100
200,09:50:50,3400.17,100
201,09:50:49,3400.1,100
202,09:50:49,3400.065,100
203,09:50:46,3401.37,100
204,09:50:46,3401.53,100
205,09:50:44,3402.265,250
206,09:50:43,3402.7822,145
207,09:50:41,3402.265,100
208,09:50:39,3402.815,100
209,09:50:14,3403.06,100
210,09:50:14,3403.02,100
211,09:50:13,3403.45,100
212,09:50:13,3403.39,100
213,09:50:10,3404.585,100
214,09:50:07,3404.59,100
215,09:50:05,3404.18,100
216,09:49:59,3404.98,100
217,09:49:55,3402.71,125
218,09:49:55,3402.73,100
219,09:49:51,3401.26,100
220,09:49:51,3401.42,100
221,09:49:46,3400.05,100
222,09:49:46,3400.0,100
223,09:49:26,3401.0,100
224,09:49:25,3403.4279,750
225,09:49:25,3402.345,100
226,09:49:05,3401.41,100
227,09:49:04,3402.13,100
228,09:48:49,3404.05,100
229,09:48:48,3404.06,150
230,09:48:34,3404.59,100
231,09:48:14,3405.2,100
232,09:48:14,3405.81,100
233,09:48:09,3405.28,100
234,09:48:09,3405.38,100
235,09:48:00,3402.54,250
236,09:47:55,3403.75,100
237,09:47:55,3403.75,100
238,09:47:55,3403.75,100
239,09:47:49,3405.32,150
240,09:47:48,3403.75,100
241,09:47:45,3404.84,100
242,09:47:45,3404.84,100
243,09:47:45,3404.84,100
244,09:47:45,3404.84,100
245,09:47:32,3401.991,100
246,09:47:29,3402.157,100
247,09:47:28,3402.67,100
248,09:47:27,3403.74,100
249,09:47:26,3403.47,200
250,09:47:18,3403.68,100
251,09:47:11,3405.0,197
252,09:47:11,3405.085,100
253,09:47:11,3405.06,100
254,09:47:11,3405.09,100
255,09:47:11,3405.537,375
256,09:47:11,3405.895,100
257,09:47:10,3405.93,100
258,09:47:07,3407.065,100
259,09:47:06,3405.89,100
260,09:47:04,3406.0686,100
261,09:46:38,3404.5,200
262,09:46:32,3407.0,100
263,09:46:31,3406.495,100
264,09:46:31,3406.505,100
265,09:46:30,3406.5,100
266,09:46:26,3407.01,100
267,09:46:26,3407.06,100
268,09:46:19,3407.68,100
269,09:46:16,3408.33,100
270,09:46:14,3408.74,100
271,09:46:08,3408.75,100
272,09:46:08,3408.76,100
273,09:46:08,3410.01,100
274,09:46:08,3409.27,100
275,09:46:08,3408.74,100
276,09:46:08,3408.74,114
277,09:46:08,3410.02,100
278,09:46:08,3410.0,100
279,09:46:00,3411.41,100
280,09:45:59,3411.94,100
281,09:45:48,3411.37,100
282,09:45:48,3411.62,100
283,09:45:34,3411.47,100
284,09:45:34,3411.16,100
285,09:45:34,3411.39,100
286,09:45:29,3409.62,100
287,09:45:29,3409.65,100
288,09:45:21,3409.91,192
289,09:45:15,3408.9,100
290,09:45:14,3408.9,100
291,09:45:12,3410.45,100
292,09:45:09,3409.8813,100
293,09:45:08,3410.18,100
294,09:45:08,3408.9,100
295,09:45:06,3411.41,100
296,09:45:04,3412.52,100
297,09:45:04,3412.45,100
298,09:45:01,3411.295,500
299,09:45:00,3410.0,100
300,09:45:00,3409.07,100
301,09:45:00,3409.65,100
302,09:45:00,3409.68,100
303,09:45:00,3408.9,100
304,09:44:58,3408.09,100
305,09:44:57,3407.4505,1000
306,09:44:47,3406.56,100
307,09:44:45,3406.56,100
308,09:44:42,3406.82,100
309,09:44:40,3407.76,310
310,09:44:40,3407.724,100
311,09:44:37,3407.02,100
312,09:44:36,3404.0663,285
313,09:44:36,3405.9,100
314,09:44:34,3407.0,140
315,09:44:34,3406.74,100
316,09:44:32,3406.16,100
317,09:44:31,3404.0057,125
318,09:44:28,3405.62,100
319,09:44:26,3407.44,124
320,09:44:26,3407.44,114
321,09:44:26,3407.44,256
322,09:44:26,3407.44,401
323,09:44:26,3407.68,100
324,09:44:25,3407.44,300
325,09:44:25,3407.805,100
326,09:44:23,3408.205,100
327,09:44:23,3407.44,100
328,09:44:13,3408.01,100
329,09:44:13,3407.7,115
330,09:44:12,3407.526,100
331,09:44:11,3408.02,100
332,09:44:11,3408.01,100
333,09:44:11,3408.02,100
334,09:44:11,3408.01,100
335,09:44:11,3408.05,100
336,09:44:09,3408.615,240
337,09:44:08,3409.2,100
338,09:44:04,3409.28,100
339,09:43:57,3406.78,200
340,09:43:54,3408.23,100
341,09:43:53,3407.03,100
342,09:43:53,3407.04,200
343,09:43:53,3406.86,100
344,09:43:53,3406.86,100
345,09:43:52,3407.25,100
346,09:43:52,3406.5,100
347,09:43:51,3407.25,295
348,09:43:51,3407.0,100
349,09:43:50,3405.0006,100
350,09:43:49,3406.27,100
351,09:43:49,3406.27,100
352,09:43:49,3406.28,100
353,09:43:37,3405.27,100
354,09:43:33,3406.09,100
355,09:43:32,3406.097,500
356,09:43:31,3404.64,100
357,09:43:31,3405.0,100
358,09:43:31,3404.8,100
359,09:43:28,3403.34,100
360,09:43:27,3402.6852,200
361,09:43:26,3402.51,100
362,09:43:19,3402.61,100
363,09:43:19,3402.27,100
364,09:43:19,3401.68,100
365,09:43:19,3401.72,100
366,09:43:19,3403.34,1000
367,09:43:16,3403.315,200
368,09:43:15,3403.5458,289
369,09:43:09,3401.5901,100
370,09:43:09,3402.42,100
371,09:43:09,3402.9362,500
372,09:43:08,3402.93,100
373,09:43:07,3402.94,100
374,09:43:01,3401.732,443
375,09:43:00,3401.16,100
376,09:43:00,3401.32,100
377,09:43:00,3401.42,100
378,09:43:00,3400.0,100
379,09:42:59,3400.3,100
380,09:42:48,3400.0,100
381,09:42:48,3400.0,100
382,09:42:47,3401.22,100
383,09:42:32,3398.95,100
384,09:42:31,3398.11,100
385,09:42:31,3398.0,200
386,09:42:31,3398.0,197
387,09:42:31,3398.4,100
388,09:42:31,3398.41,100
389,09:42:30,3396.4711,100
390,09:42:29,3396.22,100
391,09:42:29,3397.02,100
392,09:42:29,3396.0,100
393,09:42:29,3396.0,100
394,09:42:23,3396.99,100
395,09:42:23,3396.88,100
396,09:42:22,3396.155,100
397,09:42:21,3395.31,100
398,09:42:21,3396.38,100
399,09:42:20,3395.49,100
400,09:42:20,3395.49,100
401,09:42:20,3395.69,100
402,09:42:18,3396.56,100
403,09:42:18,3395.0101,100
404,09:42:15,3396.06,100
405,09:42:12,3396.955,400
406,09:42:04,3396.85,100
407,09:42:01,3396.11,100
408,09:42:00,3396.27,101
409,09:42:00,3397.0,100
410,09:42:00,3397.0,100
411,09:41:54,3397.91,100
412,09:41:50,3398.43,100
413,09:41:46,3398.11,100
414,09:41:40,3399.99,100
415,09:41:40,3398.87,100
416,09:41:40,3398.91,100
417,09:41:40,3398.91,100
418,09:41:40,3398.91,100
419,09:41:37,3398.0,100
420,09:41:32,3398.8158,100
421,09:41:30,3398.03,100
422,09:41:29,3398.635,100
423,09:41:29,3398.635,100
424,09:41:29,3398.635,100
425,09:41:29,3398.635,100
426,09:41:29,3398.635,100
427,09:41:29,3398.99,100
428,09:41:28,3398.99,100
429,09:41:27,3398.99,100
430,09:41:27,3398.92,100
431,09:41:27,3398.42,100
432,09:41:26,3399.83,100
433,09:41:25,3399.607,161
434,09:41:22,3396.05,100
435,09:41:22,3397.59,100
436,09:41:22,3397.58,100
437,09:41:16,3398.705,100
438,09:41:02,3399.16,100
439,09:41:02,3398.05,100
440,09:41:00,3398.67,100
441,09:40:58,3397.31,100
442,09:40:58,3397.755,100
443,09:40:58,3398.47,100
444,09:40:57,3399.17,130
445,09:40:57,3400.02,100
446,09:40:57,3401.21,100
447,09:40:57,3400.5,100
448,09:40:57,3400.99,100
449,09:40:57,3400.5,100
450,09:40:53,3399.84,100
451,09:40:53,3400.09,100
452,09:40:52,3399.175,150
453,09:40:50,3399.17,100
454,09:40:47,3400.07,593
455,09:40:43,3397.12,100
456,09:40:43,3397.02,100
457,09:40:31,3396.1,100
458,09:40:28,3394.84,100
459,09:40:26,3395.0,100
460,09:40:25,3394.8679,100
461,09:40:25,3395.68,105
462,09:40:22,3395.407,200
463,09:40:08,3396.5981,100
464,09:40:04,3398.69,180
465,09:39:54,3396.02,100
466,09:39:50,3401.22,100
467,09:39:49,3399.28,100
468,09:39:44,3400.23,100
469,09:39:43,3399.33,100
470,09:39:43,3399.26,100
471,09:39:37,3399.04,100
472,09:39:37,3399.69,100
473,09:39:31,3398.25,100
474,09:39:31,3398.25,100
475,09:39:25,3397.02,100
476,09:39:23,3397.65,200
477,09:39:23,3398.0,100
478,09:39:22,3397.435,100
479,09:39:22,3397.435,100
480,09:39:22,3397.435,100
481,09:39:21,3397.99,100
482,09:39:18,3397.215,100
483,09:39:18,3398.42,100
484,09:39:18,3398.3,100
485,09:39:18,3398.42,100
486,09:39:17,3398.42,100
487,09:39:17,3398.42,100
488,09:39:16,3397.215,300
489,09:39:09,3396.4075,100
490,09:39:09,3396.4075,100
491,09:39:09,3396.395,100
492,09:39:09,3396.395,100
493,09:39:09,3396.395,100
494,09:39:09,3396.4175,100
495,09:39:09,3396.4175,100
496,09:39:09,3396.99,100
497,09:39:09,3397.0,172
498,09:39:08,3395.641,250
499,09:39:05,3395.615,100
500,09:39:01,3395.59,200
501,09:38:55,3395.795,1500
502,09:38:55,3395.795,1000
503,09:38:54,3394.09,100
504,09:38:53,3395.79,100
505,09:38:53,3396.41,100
506,09:38:53,3395.24,100
507,09:38:53,3395.54,100
508,09:38:53,3395.57,107
509,09:38:52,3395.0,167
510,09:38:52,3395.0,117
511,09:38:49,3395.155,200
512,09:38:49,3395.5,200
513,09:38:47,3395.23,100
514,09:38:47,3395.13,100
515,09:38:47,3394.9175,200
516,09:38:42,3394.99,100
517,09:38:42,3395.0,179
518,09:38:42,3395.0,185
519,09:38:41,3393.928,100
520,09:38:35,3392.7101,230
521,09:38:33,3394.16,100
522,09:38:31,3392.83,100
523,09:38:31,3393.08,100
524,09:38:25,3393.0953,100
525,09:38:19,3395.43,100
526,09:38:19,3395.22,100
527,09:38:11,3394.13,100
528,09:38:10,3393.0,100
529,09:38:10,3393.09,100
530,09:38:10,3393.03,110
531,09:38:08,3395.275,400
532,09:38:04,3394.92,100
533,09:38:04,3395.74,100
534,09:37:56,3395.6,100
535,09:37:54,3396.0025,100
536,09:37:51,3397.49,100
537,09:37:51,3397.62,100
538,09:37:51,3397.26,200
539,09:37:51,3396.97,100
540,09:37:51,3398.72,100
541,09:37:50,3396.9,100
542,09:37:49,3397.49,100
543,09:37:49,3397.92,100
544,09:37:49,3398.68,100
545,09:37:49,3398.66,100
546,09:37:48,3398.8223,240
547,09:37:44,3400.565,250
548,09:37:43,3401.3799,100
549,09:37:43,3401.37,100
550,09:37:40,3399.11,200
551,09:37:40,3399.0,100
552,09:37:40,3399.11,101
553,09:37:40,3399.11,100
554,09:37:37,3398.19,100
555,09:37:37,3398.19,100
556,09:37:37,3398.19,100
557,09:37:37,3397.5,100
558,09:37:36,3396.74,100
559,09:37:35,3397.31,100
560,09:37:35,3397.28,179
561,09:37:35,3396.47,100
562,09:37:33,3396.445,500
563,09:37:32,3396.19,200
564,09:37:31,3395.54,300
565,09:37:31,3395.53,100
566,09:37:31,3395.52,200
567,09:37:31,3395.51,200
568,09:37:31,3395.51,100
569,09:37:31,3395.51,100
570,09:37:31,3395.0,111
571,09:37:31,3395.0,200
572,09:37:31,3394.99,100
573,09:37:27,3394.07,100
574,09:37:27,3394.08,100
575,09:37:27,3393.99,100
576,09:37:27,3394.09,189
577,09:37:27,3394.09,100
578,09:37:17,3391.41,100
579,09:37:16,3394.41,100
580,09:37:13,3393.55,100
581,09:37:13,3394.355,100
582,09:37:13,3394.33,100
583,09:37:12,3392.32,108
584,09:37:11,3393.4405,294
585,09:37:11,3392.69,100
586,09:37:08,3393.15,100
587,09:37:07,3393.99,100
588,09:37:07,3393.99,188
589,09:37:07,3392.5535,100
590,09:37:06,3393.0,100
591,09:37:06,3393.0,100
592,09:37:05,3393.66,100
593,09:37:05,3393.69,100
594,09:37:00,3395.53,132
595,09:36:59,3394.57,125
596,09:36:54,3393.6,157
597,09:36:54,3395.21,128
598,09:36:53,3395.0,200
599,09:36:53,3395.0,200
600,09:36:49,3391.04,300
601,09:36:45,3394.08,100
602,09:36:44,3395.63,100
603,09:36:44,3395.0,107
604,09:36:44,3395.0,100
605,09:36:41,3392.42,115
606,09:36:41,3392.5,100
607,09:36:40,3393.05,100
608,09:36:40,3394.025,100
609,09:36:38,3395.22,119
610,09:36:38,3395.21,125
611,09:36:36,3392.525,273
612,09:36:35,3393.88,100
613,09:36:28,3394.475,100
614,09:36:26,3394.5,100
615,09:36:26,3395.0,100
616,09:36:26,3395.0,100
617,09:36:23,3396.37,125
618,09:36:23,3396.37,125
619,09:36:22,3396.37,290
620,09:36:21,3397.03,100
621,09:36:21,3396.063,100
622,09:36:20,3396.1,100
623,09:36:20,3396.0965,100
624,09:36:20,3395.31,196
625,09:36:19,3394.2788,126
626,09:36:16,3395.82,100
627,09:36:15,3396.015,100
628,09:36:13,3396.3,100
629,09:36:13,3395.08,100
630,09:36:13,3395.8,172
631,09:36:11,3394.78,100
632,09:36:10,3394.3613,500
633,09:36:09,3392.2,100
634,09:36:09,3392.61,100
635,09:36:09,3395.8,100
636,09:36:09,3392.01,100
637,09:36:09,3394.43,100
638,09:36:09,3395.16,100
639,09:36:09,3395.16,100
640,09:36:09,3395.16,100
641,09:36:06,3396.46,100
642,09:36:05,3398.26,100
643,09:36:03,3398.03,120
644,09:36:02,3398.0,100
645,09:36:02,3398.07,100
646,09:36:01,3398.98,200
647,09:35:59,3401.4,195
648,09:35:59,3398.37,145
649,09:35:59,3398.37,255
650,09:35:59,3399.37,129
651,09:35:59,3399.37,101
652,09:35:59,3399.37,152
653,09:35:53,3402.3735,118
654,09:35:50,3399.37,400
655,09:35:49,3399.78,100
656,09:35:48,3400.75,100
657,09:35:48,3400.69,100
658,09:35:47,3402.36,100
659,09:35:46,3402.8,100
660,09:35:45,3402.955,125
661,09:35:42,3402.11,100
662,09:35:35,3404.02,100
663,09:35:35,3404.16,100
664,09:35:35,3404.16,100
665,09:35:35,3404.99,124
666,09:35:35,3404.99,100
667,09:35:35,3405.0,100
668,09:35:31,3404.66,100
669,09:35:30,3403.9,100
670,09:35:28,3403.04,100
671,09:35:26,3403.99,100
672,09:35:21,3403.78,100
673,09:35:20,3403.88,100
674,09:35:16,3402.95,100
675,09:35:16,3402.96,100
676,09:35:15,3401.24,100
677,09:35:13,3401.56,100
678,09:35:12,3402.5515,150
679,09:35:11,3401.4823,200
680,09:35:06,3401.765,1000
681,09:35:06,3400.75,100
682,09:35:03,3400.68,100
683,09:35:03,3400.55,400
684,09:35:00,3400.56,100
685,09:35:00,3400.56,100
686,09:35:00,3400.55,300
687,09:34:57,3400.2457,200
688,09:34:49,3400.6125,100
689,09:34:48,3401.79,100
690,09:34:47,3400.0,100
691,09:34:46,3400.32,100
692,09:34:46,3400.93,200
693,09:34:45,3400.93,300
694,09:34:43,3400.4873,100
695,09:34:37,3400.94,100
696,09:34:33,3401.8242,100
697,09:34:32,3401.29,200
698,09:34:32,3401.26,100
699,09:34:31,3401.33,100
700,09:34:30,3401.33,125
701,09:34:25,3401.78,100
702,09:34:22,3404.29,100
703,09:34:17,3402.0,100
704,09:34:09,3402.92,100
705,09:34:03,3403.93,100
706,09:34:03,3403.93,600
707,09:34:00,3405.4,100
708,09:33:55,3407.08,100
709,09:33:55,3406.0,100
710,09:33:55,3406.84,100
711,09:33:55,3406.93,100
712,09:33:52,3409.0699,100
713,09:33:49,3405.365,100
714,09:33:49,3405.205,100
715,09:33:49,3406.6,100
716,09:33:48,3410.2199,200
717,09:33:42,3409.2025,100
718,09:33:42,3410.12,100
719,09:33:42,3410.07,100
720,09:33:35,3414.4099,1000
721,09:33:31,3410.81,100
722,09:33:28,3412.52,100
723,09:33:28,3412.2,100
724,09:33:27,3410.0,100
725,09:33:22,3412.615,200
726,09:33:21,3413.0,100
727,09:33:21,3412.99,100
728,09:33:13,3416.22,100
729,09:33:12,3417.91,400
730,09:33:12,3417.91,100
731,09:33:11,3416.382,100
732,09:33:07,3414.4201,420
733,09:33:05,3416.575,300
734,09:33:04,3416.0639,200
735,09:32:58,3417.4174,493
736,09:32:58,3416.0366,150
737,09:32:57,3415.0,140
738,09:32:57,3414.58,100
739,09:32:55,3413.76,104
740,09:32:55,3415.0,100
741,09:32:55,3414.99,100
742,09:32:55,3415.0,100
743,09:32:55,3414.99,100
744,09:32:52,3414.1,100
745,09:32:48,3413.495,100
746,09:32:48,3413.495,100
747,09:32:46,3414.0617,250
748,09:32:41,3413.58,100
749,09:32:36,3412.895,100
750,09:32:36,3412.72,100
751,09:32:36,3412.22,100
752,09:32:33,3415.63,100
753,09:32:33,3417.123,125
754,09:32:24,3419.0,100
755,09:32:24,3418.355,100
756,09:32:22,3417.92,175
757,09:32:22,3418.0,100
758,09:32:21,3416.89,100
759,09:32:21,3417.0,100
760,09:32:20,3417.9299,200
761,09:32:18,3415.14,100
762,09:32:18,3417.0,100
763,09:32:16,3413.46,322
764,09:32:15,3414.225,100
765,09:32:15,3415.0,100
766,09:32:14,3413.44,250
767,09:32:14,3414.655,250
768,09:32:14,3414.655,100
769,09:32:14,3413.44,100
770,09:32:10,3415.0,442
771,09:32:08,3414.0,100
772,09:32:08,3415.06,100
773,09:32:06,3418.49,546
774,09:32:06,3416.295,295
775,09:32:05,3415.68,156
776,09:32:05,3414.99,100
777,09:32:03,3413.99,500
778,09:31:59,3413.325,100
779,09:31:56,3412.805,100
780,09:31:55,3412.42,100
781,09:31:54,3412.53,100
782,09:31:54,3412.57,100
783,09:31:54,3412.44,100
784,09:31:53,3413.0,100
785,09:31:53,3413.05,100
786,09:31:53,3413.01,100
787,09:31:48,3411.54,270
788,09:31:46,3412.0,205
789,09:31:45,3412.0,105
790,09:31:45,3410.0,100
791,09:31:45,3410.0,100
792,09:31:45,3410.0,205
793,09:31:45,3410.0,576
794,09:31:45,3410.0,362
795,09:31:43,3410.0,100
796,09:31:42,3409.35,100
797,09:31:42,3408.8,100
798,09:31:42,3408.85,100
799,09:31:42,3408.85,100
800,09:31:42,3408.63,100
801,09:31:41,3407.45,100
802,09:31:41,3406.5,148
803,09:31:39,3408.6299,100
804,09:31:37,3405.28,100
805,09:31:35,3407.27,100
806,09:31:30,3406.23,100
807,09:31:28,3405.415,100
808,09:31:18,3403.35,100
809,09:31:18,3403.51,100
810,09:31:18,3403.1,100
811,09:31:17,3404.08,100
812,09:31:15,3405.59,100
813,09:31:15,3406.42,100
814,09:31:15,3402.25,1418
815,09:31:15,3402.25,851
816,09:31:15,3402.25,100
817,09:31:15,3402.25,100
818,09:31:15,3402.25,100
819,09:31:15,3402.2,100
820,09:31:15,3402.25,100
821,09:31:15,3402.25,100
822,09:31:15,3402.22,100
823,09:31:14,3401.2,100
824,09:31:10,3399.995,100
825,09:31:09,3403.545,100
826,09:31:08,3403.75,100
827,09:31:08,3402.2901,100
828,09:31:07,3404.64,100
829,09:31:07,3404.62,100
830,09:31:05,3405.26,100
831,09:31:05,3404.78,100
832,09:31:05,3404.75,100
833,09:31:05,3404.63,100
834,09:31:03,3403.6,100
835,09:31:02,3407.465,100
836,09:31:00,3406.13,100
837,09:31:00,3404.89,200
838,09:31:00,3404.88,100
839,09:30:59,3399.12,150
840,09:30:56,3401.67,140
841,09:30:56,3401.67,100
842,09:30:56,3400.395,100
843,09:30:55,3401.51,100
844,09:30:54,3398.86,100
845,09:30:54,3400.0,190
846,09:30:54,3400.0,144
847,09:30:54,3400.0,200
848,09:30:54,3400.0,150
849,09:30:54,3400.0,100
850,09:30:54,3400.0,127
851,09:30:54,3398.59,100
852,09:30:54,3399.3,468
853,09:30:54,3399.74,100
854,09:30:45,3394.64,100
855,09:30:45,3394.63,100
856,09:30:39,3393.96,100
857,09:30:36,3395.935,100
858,09:30:34,3397.89,100
859,09:30:34,3397.44,100
860,09:30:33,3397.1,100
861,09:30:33,3395.89,100
862,09:30:33,3395.75,100
863,09:30:33,3395.7,100
864,09:30:33,3395.68,100
865,09:30:33,3395.66,100
866,09:30:33,3394.82,100
867,09:30:33,3394.49,100
868,09:30:33,3393.86,125
869,09:30:33,3396.25,100
870,09:30:32,3397.57,100
871,09:30:32,3397.3,100
872,09:30:31,3397.655,100
873,09:30:31,3396.0746,104
874,09:30:28,3396.01,100
875,09:30:28,3396.01,100
876,09:30:28,3396.01,100
877,09:30:28,3396.01,100
878,09:30:27,3395.81,100
879,09:30:27,3395.89,100
880,09:30:27,3394.89,100
881,09:30:25,3394.04,297
882,09:30:25,3394.05,200
883,09:30:25,3394.1,100
884,09:30:25,3395.045,100
885,09:30:24,3394.44,100
886,09:30:23,3394.155,100
887,09:30:22,3394.04,100
888,09:30:22,3395.025,100
889,09:30:18,3394.19,100
890,09:30:18,3394.18,300
891,09:30:18,3393.5,100
892,09:30:18,3393.12,408
893,09:30:18,3396.0,100
894,09:30:16,3394.2,100
895,09:30:15,3395.96,100
896,09:30:15,3395.79,190
897,09:30:15,3395.37,100
898,09:30:15,3395.13,100
899,09:30:15,3392.22,100
900,09:30:15,3393.995,100
901,09:30:13,3392.2,100
902,09:30:13,3395.81,100
903,09:30:13,3390.61,200
904,09:30:07,3393.865,100
905,09:30:07,3390.05,404
906,09:30:06,3394.0,138
907,09:30:05,3390.62,100
908,09:30:04,3394.715,100
909,09:30:04,3394.81,100
910,09:30:04,3394.81,100
911,09:30:03,3391.01,100
912,09:30:03,3391.01,100
913,09:30:03,3392.02,101
914,09:30:03,3392.01,100
915,09:30:03,3392.28,100
916,09:30:03,3393.15,219
917,09:30:03,3396.0,3
918,09:30:03,3396.0,1
919,09:30:03,3396.0,30
920,09:30:03,3396.0,3
921,09:30:03,3396.0,2
922,09:30:03,3396.0,3
923,09:30:03,3396.0,5
924,09:30:03,3396.0,9
925,09:30:03,3396.0,1
926,09:30:03,3396.0,14
927,09:30:03,3396.0,3
928,09:30:03,3396.0,7
929,09:30:03,3396.0,8
930,09:30:03,3396.0,8
931,09:30:03,3396.0,11
932,09:30:03,3396.0,26
933,09:30:03,3396.0,8
934,09:30:03,3396.0,8
935,09:30:03,3396.0,8
936,09:30:03,3396.0,12
937,09:30:03,3396.0,75
938,09:30:03,3396.0,11
939,09:30:03,3396.0,8
940,09:30:03,3396.0,2
941,09:30:03,3396.0,3
942,09:30:03,3396.0,1
943,09:30:03,3396.0,3
944,09:30:03,3396.0,1
945,09:30:03,3396.0,1
946,09:30:03,3396.0,2
947,09:30:03,3396.0,3
948,09:30:03,3396.0,1
949,09:30:03,3396.0,1
950,09:30:03,3396.0,1
951,09:30:03,3396.0,3
952,09:30:03,3396.0,1
953,09:30:03,3396.0,3
954,09:30:03,3396.0,2
955,09:30:03,3396.0,1
956,09:30:03,3396.0,1
957,09:30:03,3396.0,1
958,09:30:03,3396.0,1
959,09:30:03,3396.0,42
960,09:30:03,3396.0,64
961,09:30:03,3396.0,5
962,09:30:03,3396.0,1
963,09:30:03,3396.0,2
964,09:30:03,3396.0,15
965,09:30:03,3396.0,1
966,09:30:03,3396.0,1
967,09:30:03,3396.0,1
968,09:30:03,3396.0,4
969,09:30:03,3396.0,1
970,09:30:03,3396.0,2
971,09:30:03,3396.0,4
972,09:30:03,3396.0,7
973,09:30:03,3396.0,3
974,09:30:03,3396.0,2
975,09:30:03,3396.0,2
976,09:30:03,3396.0,1
977,09:30:03,3396.0,4
978,09:30:03,3396.0,5
979,09:30:03,3396.0,4
980,09:30:03,3396.0,3
981,09:30:03,3396.0,2
982,09:30:03,3396.0,4
983,09:30:03,3396.0,1
984,09:30:03,3396.0,4
985,09:30:03,3396.0,2
986,09:30:03,3396.0,2
987,09:30:03,3396.0,2
988,09:30:03,3396.0,10
989,09:30:03,3396.0,3
990,09:30:03,3396.0,1
991,09:30:03,3396.0,1
992,09:30:03,3396.0,2
993,09:30:03,3396.0,10
994,09:30:03,3396.0,4
995,09:30:03,3396.0,1
996,09:30:03,3396.0,1
997,09:30:03,3396.0,2
998,09:30:03,3396.0,1
999,09:30:03,3396.0,1
1000,09:30:03,3396.0,1
1001,09:30:03,3396.0,1
1002,09:30:03,3396.0,2
1003,09:30:03,3396.0,2
1004,09:30:03,3396.0,5
1005,09:30:03,3396.0,1
1006,09:30:03,3396.0,2
1007,09:30:03,3396.0,28
1008,09:30:03,3396.0,1
1009,09:30:03,3396.0,1
1010,09:30:03,3396.0,1
1011,09:30:03,3396.0,10
1012,09:30:03,3396.0,3
1013,09:30:03,3396.0,1
1014,09:30:03,3396.0,2
1015,09:30:03,3396.0,2
1016,09:30:03,3396.0,5
1017,09:30:03,3396.0,2
1018,09:30:03,3396.0,2
1019,09:30:03,3396.0,1
1020,09:30:03,3396.0,1
1021,09:30:03,3396.0,1
1022,09:30:03,3396.0,1
1023,09:30:03,3396.0,1
1024,09:30:03,3396.0,1
1025,09:30:03,3396.0,1
1026,09:30:03,3396.0,1
1027,09:30:03,3396.0,1
1028,09:30:03,3396.0,310
1029,09:30:03,3396.0,3
1030,09:30:03,3396.0,1
1031,09:30:03,3396.0,1
1032,09:30:03,3396.0,1
1033,09:30:03,3396.0,1
1034,09:30:03,3396.0,1
1035,09:30:03,3396.0,1
1036,09:30:03,3396.0,1
1037,09:30:03,3396.0,1
1038,09:30:03,3396.0,1
1039,09:30:03,3396.0,1
1040,09:30:03,3396.0,1
1041,09:30:03,3396.0,1
1042,09:30:03,3396.0,1
1043,09:30:03,3396.0,1
1044,09:30:03,3396.0,1
1045,09:30:03,3396.0,1
1046,09:30:03,3396.0,1
1047,09:30:03,3396.0,1
1048,09:30:03,3396.0,1
1049,09:30:03,3396.0,1
1050,09:30:03,3396.0,1
1051,09:30:03,3396.0,1
1052,09:30:03,3396.0,1
1053,09:30:03,3396.0,1
1054,09:30:03,3396.0,1
1055,09:30:03,3396.0,1
1056,09:30:03,3396.0,1
1057,09:30:03,3396.0,1
1058,09:30:03,3396.0,1
1059,09:30:03,3396.0,1
1060,09:30:03,3396.0,1
1061,09:30:03,3396.0,1
1062,09:30:03,3396.0,1
1063,09:30:03,3396.0,1
1064,09:30:03,3396.0,1
1065,09:30:03,3396.0,1
1066,09:30:03,3396.0,1
1067,09:30:03,3396.0,1
1068,09:30:03,3396.0,1
1069,09:30:03,3396.0,1
1070,09:30:03,3396.0,1
1071,09:30:03,3396.0,1
1072,09:30:03,3396.0,1
1073,09:30:03,3396.0,1
1074,09:30:03,3396.0,1
1075,09:30:03,3396.0,1
1076,09:30:03,3396.0,1
1077,09:30:03,3396.0,1
1078,09:30:03,3396.0,1
1079,09:30:03,3396.0,1
1080,09:30:03,3396.0,1
1081,09:30:03,3396.0,1
1082,09:30:03,3396.0,1
1083,09:30:03,3396.0,1
1084,09:30:03,3396.0,1
1085,09:30:03,3396.0,1
1086,09:30:03,3396.0,1
1087,09:30:03,3396.0,1
1088,09:30:03,3396.0,1
1089,09:30:03,3396.0,1
1090,09:30:03,3396.0,1
1091,09:30:03,3396.0,1
1092,09:30:03,3396.0,1
1093,09:30:03,3396.0,1
1094,09:30:03,3396.0,1
1095,09:30:03,3396.0,1
1096,09:30:03,3396.0,1
1097,09:30:03,3396.0,1
1098,09:30:03,3396.0,1
1099,09:30:03,3396.0,1
1100,09:30:03,3396.0,1
1101,09:30:03,3396.0,1
1102,09:30:03,3396.0,1
1103,09:30:03,3396.0,1
1104,09:30:03,3396.0,1
1105,09:30:03,3396.0,1
1106,09:30:03,3396.0,1
1107,09:30:03,3396.0,1
1108,09:30:03,3396.0,1
1109,09:30:03,3396.0,1
1110,09:30:03,3396.0,1
1111,09:30:03,3396.0,1
1112,09:30:03,3396.0,1
1113,09:30:03,3396.0,1
1114,09:30:03,3396.0,1
1115,09:30:03,3396.0,1
1116,09:30:03,3396.0,1
1117,09:30:03,3396.0,1
1118,09:30:03,3396.0,1
1119,09:30:03,3396.0,1
1120,09:30:03,3396.0,1
1121,09:30:03,3396.0,1
1122,09:30:03,3396.0,1
1123,09:30:03,3396.0,1
1124,09:30:03,3396.0,1
1125,09:30:03,3396.0,1
1126,09:30:03,3396.0,1
1127,09:30:03,3396.0,1
1128,09:30:03,3396.0,1
1129,09:30:03,3396.0,1
1130,09:30:03,3396.0,1
1131,09:30:03,3396.0,1
1132,09:30:03,3396.0,1
1133,09:30:03,3396.0,1
1134,09:30:03,3396.0,1
1135,09:30:03,3396.0,1
1136,09:30:03,3396.0,1
1137,09:30:03,3396.0,1
1138,09:30:03,3396.0,1
1139,09:30:03,3396.0,1
1140,09:30:03,3396.0,1
1141,09:30:03,3396.0,1
1142,09:30:03,3396.0,1
1143,09:30:03,3396.0,1
1144,09:30:03,3396.0,1
1145,09:30:03,3396.0,1
1146,09:30:03,3396.0,1
1147,09:30:03,3396.0,1
1148,09:30:03,3396.0,1
1149,09:30:03,3396.0,1
1150,09:30:03,3396.0,1
1151,09:30:03,3396.0,1
1152,09:30:03,3396.0,1
1153,09:30:03,3396.0,1
1154,09:30:03,3396.0,1
1155,09:30:03,3396.0,1
1156,09:30:03,3396.0,4
1157,09:30:03,3396.0,1
1158,09:30:03,3396.0,1
1159,09:30:03,3396.0,2
1160,09:30:03,3396.0,1
1161,09:30:03,3396.0,1
1162,09:30:03,3396.0,3
1163,09:30:03,3396.0,1
1164,09:30:03,3396.0,4
1165,09:30:03,3396.0,1
1166,09:30:03,3396.0,10
1167,09:30:03,3396.0,1
1168,09:30:03,3396.0,1
1169,09:30:03,3396.0,1
1170,09:30:03,3396.0,1
1171,09:30:03,3396.0,1
1172,09:30:03,3396.0,1
1173,09:30:03,3396.0,1
1174,09:30:03,3396.0,8
1175,09:30:03,3396.0,1
1176,09:30:03,3396.0,2
1177,09:30:03,3396.0,2
1178,09:30:03,3396.0,1
1179,09:30:03,3396.0,3
1180,09:30:03,3396.0,1
1181,09:30:03,3396.0,1
1182,09:30:03,3396.0,1
1183,09:30:03,3396.0,1
1184,09:30:03,3396.0,1
1185,09:30:03,3396.0,1
1186,09:30:03,3396.0,1
1187,09:30:03,3396.0,1
1188,09:30:03,3396.0,2
1189,09:30:03,3396.0,1
1190,09:30:03,3396.0,4
1191,09:30:03,3396.0,1
1192,09:30:03,3396.0,2
1193,09:30:03,3396.0,1
1194,09:30:03,3396.0,2
1195,09:30:03,3396.0,3
1196,09:30:03,3396.0,1
1197,09:30:03,3396.0,1
1198,09:30:03,3396.0,5
1199,09:30:03,3396.0,1
1200,09:30:03,3396.0,1
1201,09:30:03,3396.0,1
1202,09:30:03,3396.0,1
1203,09:30:03,3396.0,1
1204,09:30:03,3396.0,2
1205,09:30:03,3396.0,1
1206,09:30:03,3396.0,1
1207,09:30:03,3396.0,1
1208,09:30:03,3396.0,1
1209,09:30:03,3396.0,1
1210,09:30:03,3396.0,2
1211,09:30:03,3396.0,2
1212,09:30:03,3396.0,1
1213,09:30:03,3396.0,1
1214,09:30:03,3396.0,1
1215,09:30:03,3396.0,1
1216,09:30:03,3396.0,4
1217,09:30:03,3396.0,2
1218,09:30:03,3396.0,1
1219,09:30:03,3396.0,1
1220,09:30:03,3396.0,1
1221,09:30:03,3396.0,5
1222,09:30:03,3396.0,1
1223,09:30:03,3396.0,1
1224,09:30:03,3396.0,2
1225,09:30:03,3396.0,1
1226,09:30:03,3396.0,3
1227,09:30:03,3396.0,5
1228,09:30:03,3396.0,5
1229,09:30:03,3396.0,1
1230,09:30:03,3396.0,1
1231,09:30:03,3396.0,1
1232,09:30:03,3396.0,2
1233,09:30:03,3396.0,1
1234,09:30:03,3396.0,2
1235,09:30:03,3396.0,2
1236,09:30:03,3396.0,4
1237,09:30:03,3396.0,1
1238,09:30:03,3396.0,5
1239,09:30:03,3396.0,4
1240,09:30:03,3396.0,2
1241,09:30:03,3396.0,4
1242,09:30:03,3396.0,1
1243,09:30:03,3396.0,1
1244,09:30:03,3396.0,3
1245,09:30:03,3396.0,1
1246,09:30:03,3396.0,1
1247,09:30:03,3396.0,5
1248,09:30:03,3396.0,1
1249,09:30:03,3396.0,4
1250,09:30:03,3396.0,1
1251,09:30:03,3396.0,1
1252,09:30:03,3396.0,1
1253,09:30:03,3396.0,1
1254,09:30:03,3396.0,1
1255,09:30:03,3396.0,1
1256,09:30:03,3396.0,1
1257,09:30:03,3396.0,1
1258,09:30:03,3396.0,1
1259,09:30:03,3396.0,1
1260,09:30:03,3396.0,1
1261,09:30:03,3396.0,1
1262,09:30:03,3396.0,1
1263,09:30:03,3396.0,1
1264,09:30:03,3396.0,1
1265,09:30:03,3396.0,1
1266,09:30:03,3396.0,1
1267,09:30:03,3396.0,1
1268,09:30:03,3396.0,1
1269,09:30:03,3396.0,1
1270,09:30:03,3396.0,1
1271,09:30:03,3396.0,1
1272,09:30:03,3396.0,1
1273,09:30:03,3396.0,1
1274,09:30:03,3396.0,1
1275,09:30:03,3396.0,1
1276,09:30:03,3396.0,1
1277,09:30:03,3396.0,1
1278,09:30:03,3396.0,1
1279,09:30:03,3396.0,1
1280,09:30:03,3396.0,1
1281,09:30:03,3396.0,1
1282,09:30:03,3396.0,1
1283,09:30:03,3396.0,1
1284,09:30:03,3396.0,1
1285,09:30:03,3396.0,1
1286,09:30:03,3396.0,1
1287,09:30:03,3396.0,1
1288,09:30:03,3396.0,1
1289,09:30:03,3396.0,1
1290,09:30:03,3396.0,1
1291,09:30:03,3396.0,1
1292,09:30:03,3396.0,1
1293,09:30:03,3396.0,1
1294,09:30:03,3396.0,1
1295,09:30:03,3396.0,1
1296,09:30:03,3396.0,1
1297,09:30:03,3396.0,1
1298,09:30:03,3396.0,1
1299,09:30:03,3396.0,1
1300,09:30:03,3396.0,1
1301,09:30:03,3396.0,1
1302,09:30:03,3396.0,1
1303,09:30:03,3396.0,1
1304,09:30:03,3396.0,1
1305,09:30:03,3396.0,1
1306,09:30:03,3396.0,1
1307,09:30:03,3396.0,1
1308,09:30:03,3396.0,1
1309,09:30:03,3396.0,1
1310,09:30:03,3396.0,1
1311,09:30:03,3396.0,1
1312,09:30:03,3396.0,1
1313,09:30:03,3396.0,1
1314,09:30:03,3396.0,1
1315,09:30:03,3396.0,1
1316,09:30:03,3396.0,1
1317,09:30:03,3396.0,1
1318,09:30:03,3396.0,1
1319,09:30:03,3396.0,1
1320,09:30:03,3396.0,1
1321,09:30:03,3396.0,1
1322,09:30:03,3396.0,1
1323,09:30:03,3396.0,1
1324,09:30:03,3396.0,1
1325,09:30:03,3396.0,1
1326,09:30:03,3396.0,1
1327,09:30:03,3396.0,1
1328,09:30:03,3396.0,1
1329,09:30:03,3396.0,1
1330,09:30:03,3396.0,1
1331,09:30:03,3396.0,1
1332,09:30:03,3396.0,1
1333,09:30:03,3396.0,1
1334,09:30:03,3396.0,1
1335,09:30:03,3396.0,1
1336,09:30:03,3396.0,1
1337,09:30:03,3396.0,1
1338,09:30:03,3396.0,1
1339,09:30:03,3396.0,1
1340,09:30:03,3396.0,1
1341,09:30:03,3396.0,1
1342,09:30:03,3396.0,1
1343,09:30:03,3396.0,1
1344,09:30:03,3396.0,1
1345,09:30:03,3396.0,1
1346,09:30:03,3396.0,1
1347,09:30:03,3396.0,1
1348,09:30:03,3396.0,1
1349,09:30:03,3396.0,1
1350,09:30:03,3396.0,1
1351,09:30:03,3396.0,1
1352,09:30:03,3396.0,1
1353,09:30:03,3396.0,1
1354,09:30:03,3396.0,1
1355,09:30:03,3396.0,1
1356,09:30:03,3396.0,1
1357,09:30:03,3396.0,1
1358,09:30:03,3396.0,1
1359,09:30:03,3396.0,1
1360,09:30:03,3396.0,1
1361,09:30:03,3396.0,1
1362,09:30:03,3396.0,1
1363,09:30:03,3396.0,1
1364,09:30:03,3396.0,1
1365,09:30:03,3396.0,1
1366,09:30:03,3396.0,1
1367,09:30:03,3396.0,1
1368,09:30:03,3396.0,1
1369,09:30:03,3396.0,1
1370,09:30:03,3396.0,1
1371,09:30:03,3396.0,1
1372,09:30:03,3396.0,2
1373,09:30:03,3396.0,6
1374,09:30:03,3396.0,1
1375,09:30:03,3396.0,6
1376,09:30:03,3396.0,2
1377,09:30:03,3396.0,1
1378,09:30:03,3396.0,5
1379,09:30:03,3396.0,1
1380,09:30:03,3396.0,2
1381,09:30:03,3396.0,7
1382,09:30:03,3396.0,14
1383,09:30:03,3396.0,1
1384,09:30:03,3396.0,1
1385,09:30:03,3396.0,1
1386,09:30:03,3396.0,1
1387,09:30:03,3396.0,1
1388,09:30:03,3396.0,5
1389,09:30:03,3396.0,2
1390,09:30:03,3396.0,2
1391,09:30:03,3396.0,10
1392,09:30:03,3396.0,1
1393,09:30:03,3396.0,6
1394,09:30:03,3396.0,1
1395,09:30:03,3396.0,78
1396,09:30:03,3396.0,1
1397,09:30:03,3396.0,1
1398,09:30:03,3396.0,3
1399,09:30:03,3396.0,5
1400,09:30:03,3396.0,2
1401,09:30:03,3396.0,1
1402,09:30:03,3396.0,14
1403,09:30:03,3396.0,10
1404,09:30:03,3396.0,1
1405,09:30:03,3396.0,1
1406,09:30:03,3396.0,2
1407,09:30:03,3396.0,5
1408,09:30:03,3396.0,9
1409,09:30:03,3396.0,4
1410,09:30:03,3396.0,3
1411,09:30:03,3396.0,3
1412,09:30:03,3396.0,1
1413,09:30:03,3396.0,2
1414,09:30:03,3396.0,1
1415,09:30:03,3396.0,1
1416,09:30:03,3396.0,1
1417,09:30:03,3396.0,1
1418,09:30:03,3396.0,1
1419,09:30:03,3396.0,1
1420,09:30:03,3396.0,1
1421,09:30:03,3396.0,1
1422,09:30:03,3396.0,1
1423,09:30:03,3396.0,1
1424,09:30:03,3396.0,1
1425,09:30:03,3396.0,1
1426,09:30:03,3396.0,1
1427,09:30:03,3396.0,1
1428,09:30:03,3396.0,1
1429,09:30:03,3396.0,1
1430,09:30:03,3396.0,1
1431,09:30:03,3396.0,1
1432,09:30:03,3396.0,1
1433,09:30:03,3396.0,1
1434,09:30:03,3396.0,1
1435,09:30:03,3396.0,1
1436,09:30:03,3396.0,1
1437,09:30:03,3396.0,1
1438,09:30:03,3396.0,1
1439,09:30:03,3396.0,1
1440,09:30:03,3396.0,1
1441,09:30:03,3396.0,1
1442,09:30:03,3396.0,1
1443,09:30:03,3396.0,1
1444,09:30:03,3396.0,1
1445,09:30:03,3396.0,1
1446,09:30:03,3396.0,1
1447,09:30:03,3396.0,1
1448,09:30:03,3396.0,1
1449,09:30:03,3396.0,1
1450,09:30:03,3396.0,1
1451,09:30:03,3396.0,1
1452,09:30:03,3396.0,1
1453,09:30:03,3396.0,1
1454,09:30:03,3396.0,1
1455,09:30:03,3396.0,1
1456,09:30:03,3396.0,1
1457,09:30:03,3396.0,1
1458,09:30:03,3396.0,1
1459,09:30:03,3396.0,1
1460,09:30:03,3396.0,1
1461,09:30:03,3396.0,1
1462,09:30:03,3396.0,1
1463,09:30:03,3396.0,22
1464,09:30:03,3396.0,1
1465,09:30:03,3396.0,1
1466,09:30:03,3396.0,1
1467,09:30:03,3396.0,1
1468,09:30:03,3396.0,1
1469,09:30:03,3396.0,1
1470,09:30:03,3396.0,1
1471,09:30:03,3396.0,1
1472,09:30:03,3396.0,1
1473,09:30:03,3396.0,1
1474,09:30:03,3396.0,1
1475,09:30:03,3396.0,1
1476,09:30:03,3396.0,1
1477,09:30:03,3396.0,1
1478,09:30:03,3396.0,1
1479,09:30:03,3396.0,1
1480,09:30:03,3396.0,1
1481,09:30:03,3396.0,5
1482,09:30:03,3396.0,156
1483,09:30:03,3396.0,7
1484,09:30:03,3396.0,1
1485,09:30:03,3396.0,2
1486,09:30:03,3396.0,30
1487,09:30:03,3396.0,5
1488,09:30:03,3396.0,17
1489,09:30:03,3396.0,1
1490,09:30:03,3396.0,1
1491,09:30:03,3396.0,105
1492,09:30:03,3396.0,1
1493,09:30:03,3396.0,1
1494,09:30:03,3396.0,1
1495,09:30:03,3396.0,140
1496,09:30:03,3396.0,1
1497,09:30:03,3396.0,1
1498,09:30:03,3396.0,1
1499,09:30:03,3396.0,2
1500,09:30:03,3396.0,15
1501,09:30:03,3396.0,1
1502,09:30:03,3396.0,10
1503,09:30:03,3396.0,1
1504,09:30:03,3396.0,16
1505,09:30:03,3396.0,43
1506,09:30:03,3396.0,1
1507,09:30:03,3396.0,1
1508,09:30:03,3396.0,5
1509,09:30:03,3396.0,1
1510,09:30:03,3396.0,1
1511,09:30:03,3396.0,1
1512,09:30:03,3396.0,1
1513,09:30:03,3396.0,1
1514,09:30:03,3396.0,10
1515,09:30:03,3396.0,1
1516,09:30:03,3396.0,1
1517,09:30:03,3396.0,1
1518,09:30:03,3396.0,4
1519,09:30:03,3396.0,29
1520,09:30:03,3396.0,30
1521,09:30:03,3396.0,25
1522,09:30:03,3396.0,4
1523,09:30:03,3396.0,1
1524,09:30:03,3396.0,1
1525,09:30:03,3396.0,5
1526,09:30:03,3396.0,10
1527,09:30:03,3396.0,1
1528,09:30:03,3396.0,1
1529,09:30:03,3396.0,1
1530,09:30:03,3396.0,3
1531,09:30:03,3396.0,1
1532,09:30:03,3396.0,1
1533,09:30:03,3396.0,1
1534,09:30:03,3396.0,9
1535,09:30:03,3396.0,1
1536,09:30:03,3396.0,2
1537,09:30:03,3396.0,8
1538,09:30:03,3396.0,3
1539,09:30:03,3396.0,2
1540,09:30:03,3396.0,4
1541,09:30:03,3396.0,7
1542,09:30:03,3396.0,2
1543,09:30:03,3396.0,2
1544,09:30:03,3396.0,3
1545,09:30:03,3396.0,1
1546,09:30:03,3396.0,10
1547,09:30:03,3396.0,35
1548,09:30:03,3396.0,2
1549,09:30:03,3396.0,2
1550,09:30:03,3396.0,3
1551,09:30:03,3396.0,6
1552,09:30:03,3396.0,3
1553,09:30:03,3396.0,4
1554,09:30:03,3396.0,2
1555,09:30:03,3396.0,5
1556,09:30:03,3396.0,4
1557,09:30:03,3396.0,1
1558,09:30:03,3396.0,3
1559,09:30:03,3396.0,3
1560,09:30:03,3396.0,2
1561,09:30:03,3396.0,1
1562,09:30:03,3396.0,13
1563,09:30:03,3396.0,120
1564,09:30:03,3396.0,3
1565,09:30:03,3396.0,6
1566,09:30:03,3396.0,1
1567,09:30:03,3396.0,5
1568,09:30:03,3396.0,40
1569,09:30:03,3396.0,10
1570,09:30:03,3396.0,6
1571,09:30:03,3396.0,16
1572,09:30:03,3396.0,12
1573,09:30:03,3396.0,2
1574,09:30:03,3396.0,7
1575,09:30:03,3396.0,9
1576,09:30:03,3396.0,10
1577,09:30:03,3396.0,25
1578,09:30:03,3396.0,9
1579,09:30:03,3396.0,2
1580,09:30:03,3396.0,12
1581,09:30:03,3396.0,20
1582,09:30:03,3396.0,1
1583,09:30:03,3396.0,190
1584,09:30:03,3396.0,200
1585,09:30:03,3396.0,1
1586,09:30:03,3396.0,255
1587,09:30:03,3396.0,1
1588,09:30:03,3396.0,13
1589,09:30:03,3396.0,1
1590,09:30:03,3396.0,12
1591,09:30:03,3396.0,1
1592,09:30:03,3396.0,5
1593,09:30:03,3396.0,1
1594,09:30:03,3396.0,3
1595,09:30:03,3396.0,100
1596,09:30:03,3396.0,1
1597,09:30:03,3396.0,362
1598,09:30:03,3396.0,5
1599,09:30:03,3396.0,2
1600,09:30:03,3396.0,1
1601,09:30:03,3396.0,43
1602,09:30:03,3396.0,2
1603,09:30:03,3396.0,2
1604,09:30:03,3396.0,1
1605,09:30:03,3396.0,1
1606,09:30:03,3396.0,4
1607,09:30:03,3396.0,24
1608,09:30:03,3396.0,9
1609,09:30:03,3396.0,19
1610,09:30:03,3396.0,9
1611,09:30:03,3396.0,1
1612,09:30:03,3396.0,200
1613,09:30:03,3396.0,25
1614,09:30:03,3396.0,3
1615,09:30:03,3396.0,10
1616,09:30:03,3396.0,1
1617,09:30:03,3396.0,4
1618,09:30:03,3396.0,10
1619,09:30:03,3396.0,10
1620,09:30:03,3396.0,3
1621,09:30:03,3396.0,2
1622,09:30:03,3396.0,1
1623,09:30:03,3396.0,3
1624,09:30:03,3396.0,6
1625,09:30:03,3396.0,1
1626,09:30:03,3396.0,1
1627,09:30:03,3396.0,5
1628,09:30:03,3396.0,1
1629,09:30:03,3396.0,9
1630,09:30:03,3396.0,8
1631,09:30:03,3396.0,26
1632,09:30:03,3396.0,1
1633,09:30:03,3396.0,25
1634,09:30:03,3396.0,2
1635,09:30:03,3396.0,2
1636,09:30:03,3396.0,25
1637,09:30:03,3396.0,1
1638,09:30:03,3396.0,17
1639,09:30:03,3396.0,6
1640,09:30:03,3396.0,3
1641,09:30:03,3396.0,1
1642,09:30:03,3396.0,4
1643,09:30:03,3396.0,5
1644,09:30:03,3396.0,6
1645,09:30:03,3396.0,1
1646,09:30:03,3396.0,1
1647,09:30:03,3396.0,1
1648,09:30:03,3396.0,21
1649,09:30:03,3396.0,3
1650,09:30:03,3396.0,1
1651,09:30:03,3396.0,16
1652,09:30:03,3396.0,1
1653,09:30:03,3396.0,8
1654,09:30:03,3396.0,5
1655,09:30:03,3396.0,6
1656,09:30:03,3396.0,2
1657,09:30:03,3396.0,1
1658,09:30:03,3396.0,2
1659,09:30:03,3396.0,65
1660,09:30:03,3396.0,1
1661,09:30:03,3396.0,500
1662,09:30:03,3396.0,1
1663,09:30:03,3396.0,1
1664,09:30:03,3396.0,10
1665,09:30:03,3396.0,566
1666,09:30:03,3396.0,1
1667,09:30:03,3396.0,7
1668,09:30:03,3396.0,5
1669,09:30:03,3396.0,3
1670,09:30:03,3396.0,3
1671,09:30:03,3396.0,6
1672,09:30:03,3396.0,3
1673,09:30:03,3396.0,3
1674,09:30:03,3396.0,1
1675,09:30:03,3396.0,1
1676,09:30:03,3396.0,1
1677,09:30:03,3396.0,8
1678,09:30:03,3396.0,2
1679,09:30:03,3396.0,2
1680,09:30:03,3396.0,165
1681,09:30:03,3396.0,12
1682,09:30:03,3396.0,3
1683,09:30:03,3396.0,7
1684,09:30:03,3396.0,1
1685,09:30:03,3396.0,1
1686,09:30:03,3396.0,69
1687,09:30:03,3396.0,1
1688,09:30:03,3396.0,1
1689,09:30:03,3396.0,1
1690,09:30:03,3396.0,1
1691,09:30:03,3396.0,1
1692,09:30:03,3396.0,1
1693,09:30:03,3396.0,17
1694,09:30:03,3396.0,1
1695,09:30:03,3396.0,86
1696,09:30:03,3396.0,1
1697,09:30:03,3396.0,1
1698,09:30:03,3396.0,3
1699,09:30:03,3396.0,5
1700,09:30:03,3396.0,1
1701,09:30:03,3396.0,1
1702,09:30:03,3396.0,16
1703,09:30:03,3396.0,1
1704,09:30:03,3396.0,1
1705,09:30:03,3396.0,10
1706,09:30:03,3396.0,2
1707,09:30:03,3396.0,2
1708,09:30:03,3396.0,5
1709,09:30:03,3396.0,3
1710,09:30:03,3396.0,1
1711,09:30:03,3396.0,1
1712,09:30:03,3396.0,1
1713,09:30:03,3396.0,2
1714,09:30:03,3396.0,1
1715,09:30:03,3396.0,2
1716,09:30:03,3396.0,2
1717,09:30:03,3396.0,1
1718,09:30:03,3396.0,29
1719,09:30:03,3396.0,2
1720,09:30:03,3396.0,2
1721,09:30:03,3396.0,1
1722,09:30:03,3396.0,2
1723,09:30:03,3396.0,6
1724,09:30:03,3396.0,41
1725,09:30:03,3396.0,5
1726,09:30:03,3396.0,1
1727,09:30:03,3396.0,5
1728,09:30:03,3396.0,1
1729,09:30:03,3396.0,1
1730,09:30:03,3396.0,2
1731,09:30:03,3396.0,5
1732,09:30:03,3396.0,1
1733,09:30:03,3396.0,1
1734,09:30:03,3396.0,2
1735,09:30:03,3396.0,1
1736,09:30:03,3396.0,1
1737,09:30:03,3396.0,2
1738,09:30:03,3396.0,1
1739,09:30:03,3396.0,4
1740,09:30:03,3396.0,2
1741,09:30:03,3396.0,5
1742,09:30:03,3396.0,4
1743,09:30:03,3396.0,3
1744,09:30:03,3396.0,2
1745,09:30:03,3396.0,7
1746,09:30:03,3396.0,39
1747,09:30:03,3396.0,1
1748,09:30:03,3396.0,25
1749,09:30:03,3396.0,2
1750,09:30:03,3396.0,9
1751,09:30:03,3396.0,3
1752,09:30:03,3396.0,3
1753,09:30:03,3396.0,1
1754,09:30:03,3396.0,1
1755,09:30:03,3396.0,1
1756,09:30:03,3396.0,73
1757,09:30:03,3396.0,2
1758,09:30:03,3396.0,1
1759,09:30:03,3396.0,2
1760,09:30:03,3396.0,1
1761,09:30:03,3396.0,1
1762,09:30:03,3396.0,2
1763,09:30:03,3396.0,2
1764,09:30:03,3396.0,25
1765,09:30:03,3396.0,1
1766,09:30:03,3396.0,1
1767,09:30:03,3396.0,7
1768,09:30:03,3396.0,5
1769,09:30:03,3396.0,18
1770,09:30:03,3396.0,7
1771,09:30:03,3396.0,2
1772,09:30:03,3396.0,3
1773,09:30:03,3396.0,27
1774,09:30:03,3396.0,1
1775,09:30:03,3396.0,15
1776,09:30:03,3396.0,10
1777,09:30:03,3396.0,7
1778,09:30:03,3396.0,3
1779,09:30:03,3396.0,1
1780,09:30:03,3396.0,1
1781,09:30:03,3396.0,1
1782,09:30:03,3396.0,4
1783,09:30:03,3396.0,8
1784,09:30:03,3396.0,1
1785,09:30:03,3396.0,14
1786,09:30:03,3396.0,2
1787,09:30:03,3396.0,1
1788,09:30:03,3396.0,1
1789,09:30:03,3396.0,1
1790,09:30:03,3396.0,1
1791,09:30:03,3396.0,1
1792,09:30:03,3396.0,1
1793,09:30:03,3396.0,1
1794,09:30:03,3396.0,1
1795,09:30:03,3396.0,1
1796,09:30:03,3396.0,1
1797,09:30:03,3396.0,5
1798,09:30:03,3396.0,1
1799,09:30:03,3396.0,1
1800,09:30:03,3396.0,2
1801,09:30:03,3396.0,3
1802,09:30:03,3396.0,10
1803,09:30:03,3396.0,1
1804,09:30:03,3396.0,30
1805,09:30:03,3396.0,1
1806,09:30:03,3396.0,3
1807,09:30:03,3396.0,3
1808,09:30:03,3396.0,1
1809,09:30:03,3396.0,2
1810,09:30:03,3396.0,4
1811,09:30:03,3396.0,5
1812,09:30:03,3396.0,1
1813,09:30:03,3396.0,1
1814,09:30:03,3396.0,80
1815,09:30:03,3396.0,1
1816,09:30:03,3396.0,3
1817,09:30:03,3396.0,2
1818,09:30:03,3396.0,1
1819,09:30:03,3396.0,2
1820,09:30:03,3396.0,2
1821,09:30:03,3396.0,15
1822,09:30:03,3396.0,1
1823,09:30:03,3396.0,1
1824,09:30:03,3396.0,16
1825,09:30:03,3396.0,10
1826,09:30:03,3396.0,1
1827,09:30:03,3396.0,1
1828,09:30:03,3396.0,5
1829,09:30:03,3396.0,1
1830,09:30:03,3396.0,15
1831,09:30:03,3396.0,1
1832,09:30:03,3396.0,1
1833,09:30:03,3396.0,1
1834,09:30:03,3396.0,1
1835,09:30:03,3396.0,1
1836,09:30:03,3396.0,3
1837,09:30:03,3396.0,1
1838,09:30:03,3396.0,2
1839,09:30:03,3396.0,6
1840,09:30:03,3396.0,1
1841,09:30:03,3396.0,2
1842,09:30:03,3396.0,1
1843,09:30:03,3396.0,2
1844,09:30:03,3396.0,3
1845,09:30:03,3396.0,866
1846,09:30:03,3396.0,2
1847,09:30:03,3396.0,1
1848,09:30:03,3396.0,3
1849,09:30:03,3396.0,2
1850,09:30:03,3396.0,2
1851,09:30:03,3396.0,2
1852,09:30:03,3396.0,3
1853,09:30:03,3396.0,1
1854,09:30:03,3396.0,1
1855,09:30:03,3396.0,50
1856,09:30:03,3396.0,3
1857,09:30:03,3396.0,1
1858,09:30:03,3396.0,10
1859,09:30:03,3396.0,1
1860,09:30:03,3396.0,1
1861,09:30:03,3396.0,2
1862,09:30:03,3396.0,1
1863,09:30:03,3396.0,1
1864,09:30:03,3396.0,3
1865,09:30:03,3396.0,3
1866,09:30:03,3396.0,1
1867,09:30:03,3396.0,2
1868,09:30:03,3396.0,1
1869,09:30:03,3396.0,1
1870,09:30:03,3396.0,2
1871,09:30:03,3396.0,1
1872,09:30:03,3396.0,4
1873,09:30:03,3396.0,1
1874,09:30:03,3396.0,1
1875,09:30:03,3396.0,5
1876,09:30:03,3396.0,1
1877,09:30:03,3396.0,1
1878,09:30:03,3396.0,1
1879,09:30:03,3396.0,1
1880,09:30:03,3396.0,1
1881,09:30:03,3396.0,5
1882,09:30:03,3396.0,2
1883,09:30:03,3396.0,5
1884,09:30:03,3396.0,1
1885,09:30:03,3396.0,1
1886,09:30:03,3396.0,5
1887,09:30:03,3396.0,2
1888,09:30:03,3396.0,1
1889,09:30:03,3396.0,1
1890,09:30:03,3396.0,10
1891,09:30:03,3396.0,1
1892,09:30:03,3396.0,1
1893,09:30:03,3396.0,6
1894,09:30:03,3396.0,1
1895,09:30:03,3396.0,1
1896,09:30:03,3396.0,1
1897,09:30:03,3396.0,5
1898,09:30:03,3396.0,10
1899,09:30:03,3396.0,5
1900,09:30:03,3396.0,5
1901,09:30:03,3396.0,3
1902,09:30:03,3396.0,20
1903,09:30:03,3396.0,8
1904,09:30:03,3396.0,60
1905,09:30:03,3396.0,2
1906,09:30:03,3396.0,4
1907,09:30:03,3396.0,1
1908,09:30:03,3396.0,10
1909,09:30:03,3396.0,1
1910,09:30:03,3396.0,1
1911,09:30:03,3396.0,1
1912,09:30:03,3396.0,3301
1913,09:30:03,3396.0,1
1914,09:30:03,3396.0,1
1915,09:30:03,3396.0,3
1916,09:30:03,3396.0,2
1917,09:30:03,3396.0,1
1918,09:30:03,3396.0,7
1919,09:30:03,3396.0,1
1920,09:30:03,3396.0,1
1921,09:30:03,3396.0,1
1922,09:30:03,3396.0,1
1923,09:30:03,3396.0,1
1924,09:30:03,3396.0,1
1925,09:30:03,3396.0,3
1926,09:30:03,3396.0,50
1927,09:30:03,3396.0,2
1928,09:30:03,3396.0,1
1929,09:30:03,3396.0,1
1930,09:30:03,3396.0,1
1931,09:30:03,3396.0,2
1932,09:30:03,3396.0,2
1933,09:30:03,3396.0,1
1934,09:30:03,3396.0,4
1935,09:30:03,3396.0,1
1936,09:30:03,3396.0,2
1937,09:30:03,3396.0,10
1938,09:30:03,3396.0,4
1939,09:30:03,3396.0,1
1940,09:30:03,3396.0,30
1941,09:30:03,3396.0,10
1942,09:30:03,3396.0,1
1943,09:30:03,3396.0,1
1944,09:30:03,3396.0,1
1945,09:30:03,3396.0,3
1946,09:30:03,3396.0,5
1947,09:30:03,3396.0,5
1948,09:30:03,3396.0,1
1949,09:30:03,3396.0,2
1950,09:30:03,3396.0,2
1951,09:30:03,3396.0,1
1952,09:30:03,3396.0,3
1953,09:30:03,3396.0,1
1954,09:30:03,3396.0,1
1955,09:30:03,3396.0,1
1956,09:30:03,3396.0,1
1957,09:30:03,3396.0,8
1958,09:30:03,3396.0,43
1959,09:30:03,3396.0,8
1960,09:30:03,3396.0,8
1961,09:30:03,3396.0,8
1962,09:30:03,3396.0,5
1963,09:30:03,3396.0,1
1964,09:30:03,3396.0,1
1965,09:30:03,3396.0,1
1966,09:30:03,3396.0,2
1967,09:30:03,3396.0,1
1968,09:30:03,3396.0,7
1969,09:30:03,3396.0,2
1970,09:30:03,3396.0,1
1971,09:30:03,3396.0,15
1972,09:30:03,3396.0,1
1973,09:30:03,3396.0,1
1974,09:30:03,3396.0,3
1975,09:30:03,3396.0,8
1976,09:30:03,3396.0,1
1977,09:30:03,3396.0,10
1978,09:30:03,3396.0,1
1979,09:30:03,3396.0,10
1980,09:30:03,3396.0,1
1981,09:30:03,3396.0,1
1982,09:30:03,3396.0,1
1983,09:30:03,3396.0,5
1984,09:30:03,3396.0,1
1985,09:30:03,3396.0,1
1986,09:30:03,3396.0,3
1987,09:30:03,3396.0,1
1988,09:30:03,3396.0,10
1989,09:30:03,3396.0,14
1990,09:30:03,3396.0,1
1991,09:30:03,3396.0,1
1992,09:30:03,3396.0,5
1993,09:30:03,3396.0,1
1994,09:30:03,3396.0,1
1995,09:30:03,3396.0,3
1996,09:30:03,3396.0,1
1997,09:30:03,3396.0,2
1998,09:30:03,3396.0,2
1999,09:30:03,3396.0,2
2000,09:30:03,3396.0,1
2001,09:30:03,3396.0,1
2002,09:30:03,3396.0,4
2003,09:30:03,3396.0,1
2004,09:30:03,3396.0,2
2005,09:30:03,3396.0,1
2006,09:30:03,3396.0,1
2007,09:30:03,3396.0,1
2008,09:30:03,3396.0,2
2009,09:30:03,3396.0,140
2010,09:30:03,3396.0,57
2011,09:30:03,3396.0,1
2012,09:30:03,3396.0,1
2013,09:30:03,3396.0,4
2014,09:30:03,3396.0,2
2015,09:30:03,3396.0,1
2016,09:30:03,3396.0,9
2017,09:30:03,3396.0,1
2018,09:30:03,3396.0,1
2019,09:30:03,3396.0,1
2020,09:30:03,3396.0,1
2021,09:30:03,3396.0,1
2022,09:30:03,3396.0,1
2023,09:30:03,3396.0,1
2024,09:30:03,3396.0,1
2025,09:30:03,3396.0,1
2026,09:30:03,3396.0,1
2027,09:30:03,3396.0,20
2028,09:30:03,3396.0,1
2029,09:30:03,3396.0,1
2030,09:30:03,3396.0,1
2031,09:30:03,3396.0,1
2032,09:30:03,3396.0,3
2033,09:30:03,3396.0,4
2034,09:30:03,3396.0,29
2035,09:30:03,3396.0,3
2036,09:30:03,3396.0,2
2037,09:30:03,3396.0,1
2038,09:30:03,3396.0,5
2039,09:30:03,3396.0,4
2040,09:30:03,3396.0,1
2041,09:30:03,3396.0,1
2042,09:30:03,3396.0,1
2043,09:30:03,3396.0,1
2044,09:30:03,3396.0,1
2045,09:30:03,3396.0,1
2046,09:30:03,3396.0,2
2047,09:30:03,3396.0,10
2048,09:30:03,3396.0,10
2049,09:30:03,3396.0,5
2050,09:30:03,3396.0,5
2051,09:30:03,3396.0,5
2052,09:30:03,3396.0,4
2053,09:30:03,3396.0,3
2054,09:30:03,3396.0,2
2055,09:30:03,3396.0,1
2056,09:30:03,3396.0,3
2057,09:30:03,3396.0,1
2058,09:30:03,3396.0,1
2059,09:30:03,3396.0,1
2060,09:30:03,3396.0,1
2061,09:30:03,3396.0,1
2062,09:30:03,3396.0,3
2063,09:30:03,3396.0,10
2064,09:30:03,3396.0,3
2065,09:30:03,3396.0,2
2066,09:30:03,3396.0,1
2067,09:30:03,3396.0,1
2068,09:30:03,3396.0,5
2069,09:30:03,3396.0,1
2070,09:30:03,3396.0,2
2071,09:30:03,3396.0,4
2072,09:30:03,3396.0,2
2073,09:30:03,3396.0,5
2074,09:30:03,3396.0,10
2075,09:30:03,3396.0,1
2076,09:30:03,3396.0,1
2077,09:30:03,3396.0,2
2078,09:30:03,3396.0,1
2079,09:30:03,3396.0,1
2080,09:30:03,3396.0,1
2081,09:30:03,3396.0,5
2082,09:30:03,3396.0,1
2083,09:30:03,3396.0,1
2084,09:30:03,3396.0,14
2085,09:30:03,3396.0,1
2086,09:30:03,3396.0,2
2087,09:30:03,3396.0,1
2088,09:30:03,3396.0,2
2089,09:30:03,3396.0,1
2090,09:30:03,3396.0,1
2091,09:30:03,3396.0,1
2092,09:30:03,3396.0,5
2093,09:30:03,3396.0,1
2094,09:30:03,3396.0,1
2095,09:30:03,3396.0,1
2096,09:30:03,3396.0,1
2097,09:30:03,3396.0,3
2098,09:30:03,3396.0,1
2099,09:30:03,3396.0,3
2100,09:30:03,3396.0,2
2101,09:30:03,3396.0,1
2102,09:30:03,3396.0,3
2103,09:30:03,3396.0,1
2104,09:30:03,3396.0,21
2105,09:30:03,3396.0,1
2106,09:30:03,3396.0,4
2107,09:30:03,3396.0,3
2108,09:30:03,3396.0,1
2109,09:30:03,3396.0,1
2110,09:30:03,3396.0,1
2111,09:30:03,3396.0,2
2112,09:30:03,3396.0,1
2113,09:30:03,3396.0,1
2114,09:30:03,3396.0,1
2115,09:30:03,3396.0,2
2116,09:30:03,3396.0,5
2117,09:30:03,3396.0,1
2118,09:30:03,3396.0,2
2119,09:30:03,3396.0,10
2120,09:30:03,3396.0,6
2121,09:30:03,3396.0,5
2122,09:30:03,3396.0,1
2123,09:30:03,3396.0,1
2124,09:30:03,3396.0,1
2125,09:30:03,3396.0,1
2126,09:30:03,3396.0,1
2127,09:30:03,3396.0,3
2128,09:30:03,3396.0,5
2129,09:30:03,3396.0,1
2130,09:30:03,3396.0,1
2131,09:30:03,3396.0,1
2132,09:30:03,3396.0,2
2133,09:30:03,3396.0,15
2134,09:30:03,3396.0,3
2135,09:30:03,3396.0,289
2136,09:30:03,3396.0,5
2137,09:30:03,3396.0,1
2138,09:30:03,3396.0,1
2139,09:30:03,3396.0,1
2140,09:30:03,3396.0,1
2141,09:30:03,3396.0,2
2142,09:30:03,3396.0,1
2143,09:30:03,3396.0,6
2144,09:30:03,3396.0,1
2145,09:30:03,3396.0,1
2146,09:30:03,3396.0,1
2147,09:30:03,3396.0,1
2148,09:30:03,3396.0,1
2149,09:30:03,3396.0,14
2150,09:30:03,3396.0,2
2151,09:30:03,3396.0,2
2152,09:30:03,3396.0,2
2153,09:30:03,3396.0,6
2154,09:30:03,3396.0,3
2155,09:30:03,3396.0,5
2156,09:30:03,3396.0,1
2157,09:30:03,3396.0,1
2158,09:30:03,3396.0,2
2159,09:30:03,3396.0,1
2160,09:30:03,3396.0,1
2161,09:30:03,3396.0,10
2162,09:30:03,3396.0,1
2163,09:30:03,3396.0,1
2164,09:30:03,3396.0,1
2165,09:30:03,3396.0,1
2166,09:30:03,3396.0,1
2167,09:30:03,3396.0,3
2168,09:30:03,3396.0,1
2169,09:30:03,3396.0,1
2170,09:30:03,3396.0,1
2171,09:30:03,3396.0,3
2172,09:30:03,3396.0,5
2173,09:30:03,3396.0,1
2174,09:30:03,3396.0,1
2175,09:30:03,3396.0,1
2176,09:30:03,3396.0,1
2177,09:30:03,3396.0,1
2178,09:30:03,3396.0,1
2179,09:30:03,3396.0,5
2180,09:30:03,3396.0,1
2181,09:30:03,3396.0,21
2182,09:30:03,3396.0,1
2183,09:30:03,3396.0,1
2184,09:30:03,3396.0,1
2185,09:30:03,3396.0,1
2186,09:30:03,3396.0,8
2187,09:30:03,3396.0,9
2188,09:30:03,3396.0,1
2189,09:30:03,3396.0,5
2190,09:30:03,3396.0,1
2191,09:30:03,3396.0,2
2192,09:30:03,3396.0,1
2193,09:30:03,3396.0,2
2194,09:30:03,3396.0,7
2195,09:30:03,3396.0,5
2196,09:30:03,3396.0,5
2197,09:30:03,3396.0,3
2198,09:30:03,3396.0,1
2199,09:30:03,3396.0,3
2200,09:30:03,3396.0,1
2201,09:30:03,3396.0,4
2202,09:30:03,3396.0,3
2203,09:30:03,3396.0,1
2204,09:30:03,3396.0,1
2205,09:30:03,3396.0,8
2206,09:30:03,3396.0,4
2207,09:30:03,3396.0,10
2208,09:30:03,3396.0,5
2209,09:30:03,3396.0,8
2210,09:30:03,3396.0,1
2211,09:30:03,3396.0,1
2212,09:30:03,3396.0,1
2213,09:30:03,3396.0,8
2214,09:30:03,3396.0,1284
2215,09:30:03,3396.0,58
2216,09:30:03,3396.0,1
2217,09:30:03,3396.0,1
2218,09:30:03,3396.0,424
2219,09:30:03,3396.0,1065
2220,09:30:03,3396.0,3
2221,09:30:03,3396.0,3
2222,09:30:03,3396.0,17
2223,09:30:03,3396.0,1
2224,09:30:03,3396.0,28
2225,09:30:03,3396.0,9
2226,09:30:03,3396.0,1
2227,09:30:03,3396.0,10
2228,09:30:03,3396.0,3
2229,09:30:03,3396.0,3
2230,09:30:03,3396.0,1
2231,09:30:03,3396.0,1
2232,09:30:03,3396.0,1
2233,09:30:03,3396.0,1
2234,09:30:03,3396.0,1
2235,09:30:03,3396.0,4
2236,09:30:03,3396.0,6
2237,09:30:03,3396.0,2
2238,09:30:03,3396.0,2
2239,09:30:03,3396.0,5
2240,09:30:03,3396.0,1
2241,09:30:03,3396.0,1
2242,09:30:03,3396.0,1
2243,09:30:03,3396.0,1
2244,09:30:03,3396.0,2
2245,09:30:03,3396.0,1
2246,09:30:03,3396.0,1
2247,09:30:03,3396.0,1
2248,09:30:03,3396.0,1
2249,09:30:03,3396.0,1
2250,09:30:03,3396.0,1
2251,09:30:03,3396.0,1
2252,09:30:03,3396.0,3
2253,09:30:03,3396.0,1
2254,09:30:03,3396.0,1
2255,09:30:03,3396.0,1
2256,09:30:03,3396.0,1
2257,09:30:03,3396.0,3
2258,09:30:03,3396.0,1
2259,09:30:03,3396.0,1
2260,09:30:03,3396.0,1
2261,09:30:03,3396.0,1
2262,09:30:03,3396.0,1
2263,09:30:03,3396.0,1
2264,09:30:03,3396.0,1
2265,09:30:03,3396.0,1
2266,09:30:03,3396.0,1
2267,09:30:03,3396.0,1
2268,09:30:03,3396.0,11
2269,09:30:03,3396.0,1
2270,09:30:03,3396.0,2
2271,09:30:03,3396.0,3
2272,09:30:03,3396.0,4
2273,09:30:03,3396.0,5
2274,09:30:03,3396.0,1
2275,09:30:03,3396.0,1
2276,09:30:03,3396.0,1
2277,09:30:03,3396.0,57
2278,09:30:03,3396.0,1
2279,09:30:03,3396.0,1
2280,09:30:03,3396.0,1
2281,09:30:03,3396.0,25
2282,09:30:03,3396.0,3
2283,09:30:03,3396.0,10
2284,09:30:03,3396.0,2002
2285,09:30:03,3396.0,80
2286,09:30:03,3396.0,50
2287,09:30:03,3396.0,1
2288,09:30:03,3396.0,1
2289,09:30:03,3396.0,2
2290,09:30:03,3396.0,2
2291,09:30:03,3396.0,1
2292,09:30:03,3396.0,3
2293,09:30:03,3396.0,2
2294,09:30:03,3396.0,2
2295,09:30:03,3396.0,1
2296,09:30:03,3396.0,1
2297,09:30:03,3396.0,2
2298,09:30:03,3396.0,5
2299,09:30:03,3396.0,3
2300,09:30:03,3396.0,2
2301,09:30:03,3396.0,4
2302,09:30:03,3396.0,1
2303,09:30:03,3396.0,1
2304,09:30:03,3396.0,1
2305,09:30:03,3396.0,4
2306,09:30:03,3396.0,1
2307,09:30:03,3396.0,2
2308,09:30:03,3396.0,1
2309,09:30:03,3396.0,1
2310,09:30:03,3396.0,1
2311,09:30:03,3396.0,1
2312,09:30:03,3396.0,6
2313,09:30:03,3396.0,1
2314,09:30:03,3396.0,2
2315,09:30:03,3396.0,2
2316,09:30:03,3396.0,8
2317,09:30:03,3396.0,1
2318,09:30:03,3396.0,2000
2319,09:30:03,3396.0,2
2320,09:30:03,3396.0,4
2321,09:30:03,3396.0,2
2322,09:30:03,3396.0,1
2323,09:30:03,3396.0,1
2324,09:30:03,3396.0,1
2325,09:30:03,3396.0,1
2326,09:30:03,3396.0,1
2327,09:30:03,3396.0,2
2328,09:30:03,3396.0,2
2329,09:30:03,3396.0,2
2330,09:30:03,3396.0,3
2331,09:30:03,3396.0,3
2332,09:30:03,3396.0,2
2333,09:30:03,3396.0,2
2334,09:30:03,3396.0,1
2335,09:30:03,3396.0,3
2336,09:30:03,3396.0,2
2337,09:30:03,3396.0,2
2338,09:30:03,3396.0,2
2339,09:30:03,3396.0,3
2340,09:30:03,3396.0,1
2341,09:30:03,3396.0,1
2342,09:30:03,3396.0,1
2343,09:30:03,3396.0,3
2344,09:30:03,3396.0,1
2345,09:30:03,3396.0,256
2346,09:30:03,3396.0,11
2347,09:30:03,3396.0,40
2348,09:30:03,3396.0,257
2349,09:30:03,3396.0,1
2350,09:30:03,3396.0,1
2351,09:30:03,3396.0,166
2352,09:30:03,3396.0,608
2353,09:30:03,3396.0,19
2354,09:30:03,3396.0,100
2355,09:30:03,3396.0,10
2356,09:30:03,3396.0,200
2357,09:30:03,3396.0,100
2358,09:30:03,3396.0,4
2359,09:30:03,3396.0,350
2360,09:30:03,3396.0,100
2361,09:30:03,3396.0,1
2362,09:30:03,3396.0,1
2363,09:30:03,3396.0,1
2364,09:30:03,3396.0,3
2365,09:30:03,3396.0,31
2366,09:30:03,3396.0,2
2367,09:30:03,3396.0,12
2368,09:30:03,3396.0,9
2369,09:30:03,3396.0,5
2370,09:30:03,3396.0,200
2371,09:30:03,3396.0,15
2372,09:30:03,3396.0,100
2373,09:30:03,3396.0,3
2374,09:30:03,3396.0,4
2375,09:30:03,3396.0,4
2376,09:30:03,3396.0,18
2377,09:30:03,3396.0,45
2378,09:30:03,3396.0,45
2379,09:30:03,3396.0,45
2380,09:30:03,3396.0,45
2381,09:30:03,3396.0,44
2382,09:30:03,3396.0,44
2383,09:30:03,3396.0,44
2384,09:30:03,3396.0,44
2385,09:30:03,3396.0,513
2386,09:30:03,3396.0,140
2387,09:30:03,3396.0,210
2388,09:30:03,3396.0,42
2389,09:30:03,3396.0,642
2390,09:30:03,3396.0,257
2391,09:30:03,3396.0,64
2392,09:30:03,3396.0,5
2393,09:30:03,3396.0,1
2394,09:30:03,3396.0,1
2395,09:30:03,3396.0,6
2396,09:30:03,3396.0,1
2397,09:30:03,3396.0,2
2398,09:30:03,3396.0,6
2399,09:30:03,3396.0,2
2400,09:30:03,3396.0,1
2401,09:30:03,3396.0,77
2402,09:30:03,3396.0,15
2403,09:30:03,3396.0,1
2404,09:30:03,3396.0,1
2405,09:30:03,3396.0,1
2406,09:30:03,3396.0,6
2407,09:30:03,3396.0,2
2408,09:30:03,3396.0,57
2409,09:30:03,3396.0,29
2410,09:30:03,3396.0,110
2411,09:30:03,3396.0,65
2412,09:30:03,3396.0,2
2413,09:30:03,3396.0,2
2414,09:30:03,3396.0,1
2415,09:30:03,3396.0,3
2416,09:30:03,3396.0,3
2417,09:30:03,3396.0,57
2418,09:30:03,3396.0,19
2419,09:30:03,3396.0,50
2420,09:30:03,3396.0,16
2421,09:30:03,3396.0,1
2422,09:30:03,3396.0,6
2423,09:30:03,3396.0,60
2424,09:30:03,3396.0,1
2425,09:30:03,3396.0,100
2426,09:30:03,3396.0,1
2427,09:30:03,3396.0,6
2428,09:30:03,3396.0,19
2429,09:30:03,3396.0,1
2430,09:30:03,3396.0,15
2431,09:30:03,3396.0,1
2432,09:30:03,3396.0,1
2433,09:30:03,3396.0,2
2434,09:30:03,3396.0,2
2435,09:30:03,3396.0,1
2436,09:30:03,3396.0,10
2437,09:30:03,3396.0,1
2438,09:30:03,3396.0,753
2439,09:30:03,3396.0,5
2440,09:30:03,3396.0,4
2441,09:30:03,3396.0,1
2442,09:30:03,3396.0,2
2443,09:30:03,3396.0,60
2444,09:30:03,3396.0,100
2445,09:30:03,3396.0,162
2446,09:30:03,3396.0,5
2447,09:30:03,3396.0,10
2448,09:30:03,3396.0,4
2449,09:30:03,3396.0,24
2450,09:30:03,3396.0,1
2451,09:30:03,3396.0,1
2452,09:30:03,3396.0,49
2453,09:30:03,3396.0,1
2454,09:30:03,3396.0,1
2455,09:30:03,3396.0,5
2456,09:30:03,3396.0,500
2457,09:30:03,3396.0,4
2458,09:30:03,3396.0,5
2459,09:30:03,3396.0,3
2460,09:30:03,3396.0,100
2461,09:30:03,3396.0,10
2462,09:30:03,3396.0,1
2463,09:30:03,3396.0,37
2464,09:30:03,3396.0,30
2465,09:30:03,3396.0,43
2466,09:30:03,3396.0,25
2467,09:30:03,3396.0,28
2468,09:30:03,3396.0,100
2469,09:30:03,3396.0,1
2470,09:30:03,3396.0,94
2471,09:30:03,3396.0,1
2472,09:30:03,3396.0,19
2473,09:30:03,3396.0,9
2474,09:30:03,3396.0,3
2475,09:30:03,3396.0,12
2476,09:30:03,3396.0,11
2477,09:30:03,3396.0,1
2478,09:30:03,3396.0,1
2479,09:30:03,3396.0,10
2480,09:30:03,3396.0,10
2481,09:30:03,3396.0,10
2482,09:30:03,3396.0,202
2483,09:30:03,3396.0,18
2484,09:30:03,3396.0,1
2485,09:30:03,3396.0,1
2486,09:30:03,3396.0,300
2487,09:30:03,3396.0,2
2488,09:30:03,3396.0,2
2489,09:30:03,3396.0,3
2490,09:30:03,3396.0,1
2491,09:30:03,3396.0,5
2492,09:30:03,3396.0,12
2493,09:30:03,3396.0,30
2494,09:30:03,3396.0,6
2495,09:30:03,3396.0,2
2496,09:30:03,3396.0,8
2497,09:30:03,3396.0,1
2498,09:30:03,3396.0,1
2499,09:30:03,3396.0,5
2500,09:30:03,3396.0,2
2501,09:30:03,3396.0,1
2502,09:30:03,3396.0,2
2503,09:30:03,3396.0,2
2504,09:30:03,3396.0,1
2505,09:30:03,3396.0,5
2506,09:30:03,3396.0,1
2507,09:30:03,3396.0,19
2508,09:30:03,3396.0,42
2509,09:30:03,3396.0,1
2510,09:30:03,3396.0,3
2511,09:30:03,3396.0,3
2512,09:30:03,3396.0,94
2513,09:30:03,3396.0,10
2514,09:30:03,3396.0,10
2515,09:30:03,3396.0,1
2516,09:30:03,3396.0,2
2517,09:30:03,3396.0,1
2518,09:30:03,3396.0,1
2519,09:30:03,3396.0,1
2520,09:30:03,3396.0,1
2521,09:30:03,3396.0,93
2522,09:30:03,3396.0,1
2523,09:30:03,3396.0,1
2524,09:30:03,3396.0,94
2525,09:30:03,3396.0,2
2526,09:30:03,3396.0,6
2527,09:30:03,3396.0,93
2528,09:30:03,3396.0,93
2529,09:30:03,3396.0,1
2530,09:30:03,3396.0,1
2531,09:30:03,3396.0,100
2532,09:30:03,3396.0,10
2533,09:30:03,3396.0,20
2534,09:30:03,3396.0,12
2535,09:30:03,3396.0,1
2536,09:30:03,3396.0,1
2537,09:30:03,3396.0,1
2538,09:30:03,3396.0,1
2539,09:30:03,3396.0,2
2540,09:30:03,3396.0,5
2541,09:30:03,3396.0,1
2542,09:30:03,3396.0,10
2543,09:30:03,3396.0,1
2544,09:30:03,3396.0,1
2545,09:30:03,3396.0,1
2546,09:30:03,3396.0,10
2547,09:30:03,3396.0,102
2548,09:30:03,3396.0,20
2549,09:30:03,3396.0,8
2550,09:30:03,3396.0,1
2551,09:30:03,3396.0,16
2552,09:30:03,3396.0,1
2553,09:30:03,3396.0,3
2554,09:30:03,3396.0,5
2555,09:30:03,3396.0,1
2556,09:30:03,3396.0,10
2557,09:30:03,3396.0,1
2558,09:30:03,3396.0,1
2559,09:30:03,3396.0,94
2560,09:30:03,3396.0,1
2561,09:30:03,3396.0,1
2562,09:30:03,3396.0,18
2563,09:30:03,3396.0,1
2564,09:30:03,3396.0,93
2565,09:30:03,3396.0,1
2566,09:30:03,3396.0,15
2567,09:30:03,3396.0,1
2568,09:30:03,3396.0,93
2569,09:30:03,3396.0,1
2570,09:30:03,3396.0,10
2571,09:30:03,3396.0,5
2572,09:30:03,3396.0,1
2573,09:30:03,3396.0,94
2574,09:30:03,3396.0,93
2575,09:30:03,3396.0,2
2576,09:30:03,3396.0,3
2577,09:30:03,3396.0,100
2578,09:30:03,3396.0,1
2579,09:30:03,3396.0,2
2580,09:30:03,3396.0,1
2581,09:30:03,3396.0,1
2582,09:30:03,3396.0,1
2583,09:30:03,3396.0,1
2584,09:30:03,3396.0,1
2585,09:30:03,3396.0,27
2586,09:30:03,3396.0,1
2587,09:30:03,3396.0,1
2588,09:30:03,3396.0,3
2589,09:30:03,3396.0,2
2590,09:30:03,3396.0,1
2591,09:30:03,3396.0,20
2592,09:30:03,3396.0,2
2593,09:30:03,3396.0,80
2594,09:30:03,3396.0,186
2595,09:30:03,3396.0,1
2596,09:30:03,3396.0,1
2597,09:30:03,3396.0,1
2598,09:30:03,3396.0,1
2599,09:30:03,3396.0,1
2600,09:30:03,3396.0,1
2601,09:30:03,3396.0,1
2602,09:30:03,3396.0,10
2603,09:30:03,3396.0,94
2604,09:30:03,3396.0,93
2605,09:30:03,3396.0,1
2606,09:30:03,3396.0,1
2607,09:30:03,3396.0,10
2608,09:30:03,3396.0,1
2609,09:30:03,3396.0,93
2610,09:30:03,3396.0,6
2611,09:30:03,3396.0,20
2612,09:30:03,3396.0,94
2613,09:30:03,3396.0,93
2614,09:30:03,3396.0,3
2615,09:30:03,3396.0,1
2616,09:30:03,3396.0,1
2617,09:30:03,3396.0,2
2618,09:30:03,3396.0,1
2619,09:30:03,3396.0,1
2620,09:30:03,3396.0,10
2621,09:30:03,3396.0,10
2622,09:30:03,3396.0,2
2623,09:30:03,3396.0,93
2624,09:30:03,3396.0,94
2625,09:30:03,3396.0,93
2626,09:30:03,3396.0,35
2627,09:30:03,3396.0,10
2628,09:30:03,3396.0,94
2629,09:30:03,3396.0,3
2630,09:30:03,3396.0,93
2631,09:30:03,3396.0,93
2632,09:30:03,3396.0,68
2633,09:30:03,3396.0,94
2634,09:30:03,3396.0,93
2635,09:30:03,3396.0,94
2636,09:30:03,3396.0,1
2637,09:30:03,3396.0,1
2638,09:30:03,3396.0,6
2639,09:30:03,3396.0,1
2640,09:30:03,3396.0,5
2641,09:30:03,3396.0,10
2642,09:30:03,3396.0,1
2643,09:30:03,3396.0,10
2644,09:30:03,3396.0,3
2645,09:30:03,3396.0,1
2646,09:30:03,3396.0,1
2647,09:30:03,3396.0,1
2648,09:30:03,3396.0,10
2649,09:30:03,3396.0,5
2650,09:30:03,3396.0,1
2651,09:30:03,3396.0,20
2652,09:30:03,3396.0,2
2653,09:30:03,3396.0,2
2654,09:30:03,3396.0,3
2655,09:30:03,3396.0,10
2656,09:30:03,3396.0,5
2657,09:30:03,3396.0,1
2658,09:30:03,3396.0,6
2659,09:30:03,3396.0,1
2660,09:30:03,3396.0,1
2661,09:30:03,3396.0,1
2662,09:30:03,3396.0,17
2663,09:30:03,3396.0,1
2664,09:30:03,3396.0,5
2665,09:30:03,3396.0,190
2666,09:30:03,3396.0,93
2667,09:30:03,3396.0,93
2668,09:30:03,3396.0,94
2669,09:30:03,3396.0,93
2670,09:30:03,3396.0,93
2671,09:30:03,3396.0,6
2672,09:30:03,3396.0,1
2673,09:30:03,3396.0,1
2674,09:30:03,3396.0,94
2675,09:30:03,3396.0,93
2676,09:30:03,3396.0,29
2677,09:30:03,3396.0,29
2678,09:30:03,3396.0,29
2679,09:30:03,3396.0,29
2680,09:30:03,3396.0,94
2681,09:30:03,3396.0,30
2682,09:30:03,3396.0,30
2683,09:30:03,3396.0,30
2684,09:30:03,3396.0,30
2685,09:30:03,3396.0,93
2686,09:30:03,3396.0,31
2687,09:30:03,3396.0,31
2688,09:30:03,3396.0,31
2689,09:30:03,3396.0,1
2690,09:30:03,3396.0,31
2691,09:30:03,3396.0,1
2692,09:30:03,3396.0,32
2693,09:30:03,3396.0,93
2694,09:30:03,3396.0,32
2695,09:30:03,3396.0,32
2696,09:30:03,3396.0,32
2697,09:30:03,3396.0,33
2698,09:30:03,3396.0,94
2699,09:30:03,3396.0,33
2700,09:30:03,3396.0,33
2701,09:30:03,3396.0,33
2702,09:30:03,3396.0,34
2703,09:30:03,3396.0,93
2704,09:30:03,3396.0,34
2705,09:30:03,3396.0,2
2706,09:30:03,3396.0,1
2707,09:30:03,3396.0,34
2708,09:30:03,3396.0,34
2709,09:30:03,3396.0,35
2710,09:30:03,3396.0,93
2711,09:30:03,3396.0,35
2712,09:30:03,3396.0,35
2713,09:30:03,3396.0,35
2714,09:30:03,3396.0,36
2715,09:30:03,3396.0,94
2716,09:30:03,3396.0,36
2717,09:30:03,3396.0,36
2718,09:30:03,3396.0,36
2719,09:30:03,3396.0,15
2720,09:30:03,3396.0,1
2721,09:30:03,3396.0,1
2722,09:30:03,3396.0,5
2723,09:30:03,3396.0,1
2724,09:30:03,3396.0,1
2725,09:30:03,3396.0,15
2726,09:30:03,3396.0,1
2727,09:30:03,3396.0,37
2728,09:30:03,3396.0,37
2729,09:30:03,3396.0,93
2730,09:30:03,3396.0,37
2731,09:30:03,3396.0,1
2732,09:30:03,3396.0,37
2733,09:30:03,3396.0,38
2734,09:30:03,3396.0,38
2735,09:30:03,3396.0,94
2736,09:30:03,3396.0,38
2737,09:30:03,3396.0,38
2738,09:30:03,3396.0,39
2739,09:30:03,3396.0,1
2740,09:30:03,3396.0,39
2741,09:30:03,3396.0,93
2742,09:30:03,3396.0,39
2743,09:30:03,3396.0,1
2744,09:30:03,3396.0,39
2745,09:30:03,3396.0,40
2746,09:30:03,3396.0,20
2747,09:30:03,3396.0,40
2748,09:30:03,3396.0,1
2749,09:30:03,3396.0,93
2750,09:30:03,3396.0,40
2751,09:30:03,3396.0,40
2752,09:30:03,3396.0,41
2753,09:30:03,3396.0,41
2754,09:30:03,3396.0,94
2755,09:30:03,3396.0,41
2756,09:30:03,3396.0,5
2757,09:30:03,3396.0,1
2758,09:30:03,3396.0,5
2759,09:30:03,3396.0,1
2760,09:30:03,3396.0,1
2761,09:30:03,3396.0,41
2762,09:30:03,3396.0,42
2763,09:30:03,3396.0,42
2764,09:30:03,3396.0,93
2765,09:30:03,3396.0,42
2766,09:30:03,3396.0,1
2767,09:30:03,3396.0,4
2768,09:30:03,3396.0,94
2769,09:30:03,3396.0,1
2770,09:30:03,3396.0,93
2771,09:30:03,3396.0,1
2772,09:30:03,3396.0,3
2773,09:30:03,3396.0,93
2774,09:30:03,3396.0,3
2775,09:30:03,3396.0,100
2776,09:30:03,3396.0,10
2777,09:30:03,3396.0,1
2778,09:30:03,3396.0,10
2779,09:30:03,3396.0,1
2780,09:30:03,3396.0,1
2781,09:30:03,3396.0,1
2782,09:30:03,3396.0,3
2783,09:30:03,3396.0,1
2784,09:30:03,3396.0,1
2785,09:30:03,3396.0,2
2786,09:30:03,3396.0,1
2787,09:30:03,3396.0,2
2788,09:30:03,3396.0,1
2789,09:30:03,3396.0,1
2790,09:30:03,3396.0,2
2791,09:30:03,3396.0,1
2792,09:30:03,3396.0,10
2793,09:30:03,3396.0,1
2794,09:30:03,3396.0,5
2795,09:30:03,3396.0,4
2796,09:30:03,3396.0,5
2797,09:30:03,3396.0,5
2798,09:30:03,3396.0,10
2799,09:30:03,3396.0,1
2800,09:30:03,3396.0,1
2801,09:30:03,3396.0,50
2802,09:30:03,3396.0,1
2803,09:30:03,3396.0,1
2804,09:30:03,3396.0,10
2805,09:30:03,3396.0,2
2806,09:30:03,3396.0,94
2807,09:30:03,3396.0,93
2808,09:30:03,3396.0,2
2809,09:30:03,3396.0,1
2810,09:30:03,3396.0,93
2811,09:30:03,3396.0,94
2812,09:30:03,3396.0,93
2813,09:30:03,3396.0,6
2814,09:30:03,3396.0,1
2815,09:30:03,3396.0,1
2816,09:30:03,3396.0,1
2817,09:30:03,3396.0,1
2818,09:30:03,3396.0,1
2819,09:30:03,3396.0,94
2820,09:30:03,3396.0,93
2821,09:30:03,3396.0,10
2822,09:30:03,3396.0,25
2823,09:30:03,3396.0,1
2824,09:30:03,3396.0,93
2825,09:30:03,3396.0,42
2826,09:30:03,3396.0,94
2827,09:30:03,3396.0,93
2828,09:30:03,3396.0,1
2829,09:30:03,3396.0,1
2830,09:30:03,3396.0,93
2831,09:30:03,3396.0,94
2832,09:30:03,3396.0,1
2833,09:30:03,3396.0,93
2834,09:30:03,3396.0,1
2835,09:30:03,3396.0,94
2836,09:30:03,3396.0,93
2837,09:30:03,3396.0,1
2838,09:30:03,3396.0,93
2839,09:30:03,3396.0,94
2840,09:30:03,3396.0,93
2841,09:30:03,3396.0,94
2842,09:30:03,3396.0,1
2843,09:30:03,3396.0,93
2844,09:30:03,3396.0,2
2845,09:30:03,3396.0,93
2846,09:30:03,3396.0,2
2847,09:30:03,3396.0,94
2848,09:30:03,3396.0,93
2849,09:30:03,3396.0,93
2850,09:30:03,3396.0,40
2851,09:30:03,3396.0,1
2852,09:30:03,3396.0,1
2853,09:30:03,3396.0,4
2854,09:30:03,3396.0,15
2855,09:30:03,3396.0,10
2856,09:30:03,3396.0,20
2857,09:30:03,3396.0,5
2858,09:30:03,3396.0,1
2859,09:30:03,3396.0,1
2860,09:30:03,3396.0,1
2861,09:30:03,3396.0,94
2862,09:30:03,3396.0,93
2863,09:30:03,3396.0,4
2864,09:30:03,3396.0,94
2865,09:30:03,3396.0,1
2866,09:30:03,3396.0,5
2867,09:30:03,3396.0,93
2868,09:30:03,3396.0,93
2869,09:30:03,3396.0,1
2870,09:30:03,3396.0,94
2871,09:30:03,3396.0,93
2872,09:30:03,3396.0,17
2873,09:30:03,3396.0,93
2874,09:30:03,3396.0,94
2875,09:30:03,3396.0,43
2876,09:30:03,3396.0,93
2877,09:30:03,3396.0,1
2878,09:30:03,3396.0,2
2879,09:30:03,3396.0,94
2880,09:30:03,3396.0,93
2881,09:30:03,3396.0,10
2882,09:30:03,3396.0,1
2883,09:30:03,3396.0,21
2884,09:30:03,3396.0,1
2885,09:30:03,3396.0,1
2886,09:30:03,3396.0,20
2887,09:30:03,3396.0,1
2888,09:30:03,3396.0,5
2889,09:30:03,3396.0,93
2890,09:30:03,3396.0,94
2891,09:30:03,3396.0,1
2892,09:30:03,3396.0,1
2893,09:30:03,3396.0,3
2894,09:30:03,3396.0,1
2895,09:30:03,3396.0,93
2896,09:30:03,3396.0,94
2897,09:30:03,3396.0,93
2898,09:30:03,3396.0,19
2899,09:30:03,3396.0,80
2900,09:30:03,3396.0,93
2901,09:30:03,3396.0,2
2902,09:30:03,3396.0,94
2903,09:30:03,3396.0,5
2904,09:30:03,3396.0,93
2905,09:30:03,3396.0,93
2906,09:30:03,3396.0,94
2907,09:30:03,3396.0,93
2908,09:30:03,3396.0,94
2909,09:30:03,3396.0,1
2910,09:30:03,3396.0,2
2911,09:30:03,3396.0,5
2912,09:30:03,3396.0,1
2913,09:30:03,3396.0,1
2914,09:30:03,3396.0,2
2915,09:30:03,3396.0,1
2916,09:30:03,3396.0,1
2917,09:30:03,3396.0,3
2918,09:30:03,3396.0,1
2919,09:30:03,3396.0,20
2920,09:30:03,3396.0,2
2921,09:30:03,3396.0,1
2922,09:30:03,3396.0,1
2923,09:30:03,3396.0,5
2924,09:30:03,3396.0,2
2925,09:30:03,3396.0,10
2926,09:30:03,3396.0,1
2927,09:30:03,3396.0,10
2928,09:30:03,3396.0,2
2929,09:30:03,3396.0,2
2930,09:30:03,3396.0,5
2931,09:30:03,3396.0,1
2932,09:30:03,3396.0,1
2933,09:30:03,3396.0,3
2934,09:30:03,3396.0,1
2935,09:30:03,3396.0,7
2936,09:30:03,3396.0,1
2937,09:30:03,3396.0,1
2938,09:30:03,3396.0,1
2939,09:30:03,3396.0,10
2940,09:30:03,3396.0,93
2941,09:30:03,3396.0,1
2942,09:30:03,3396.0,93
2943,09:30:03,3396.0,52
2944,09:30:03,3396.0,94
2945,09:30:03,3396.0,93
2946,09:30:03,3396.0,2
2947,09:30:03,3396.0,1
2948,09:30:03,3396.0,1
2949,09:30:03,3396.0,10
2950,09:30:03,3396.0,47
2951,09:30:03,3396.0,46
2952,09:30:03,3396.0,20
2953,09:30:03,3396.0,47
2954,09:30:03,3396.0,47
2955,09:30:03,3396.0,5
2956,09:30:03,3396.0,47
2957,09:30:03,3396.0,46
2958,09:30:03,3396.0,47
2959,09:30:03,3396.0,47
2960,09:30:03,3396.0,1
2961,09:30:03,3396.0,46
2962,09:30:03,3396.0,47
2963,09:30:03,3396.0,5
2964,09:30:03,3396.0,1
2965,09:30:03,3396.0,1
2966,09:30:03,3396.0,1
2967,09:30:03,3396.0,10
2968,09:30:03,3396.0,1
2969,09:30:03,3396.0,1
2970,09:30:03,3396.0,1
2971,09:30:03,3396.0,1
2972,09:30:03,3396.0,2
2973,09:30:03,3396.0,25
2974,09:30:03,3396.0,1
2975,09:30:03,3396.0,3
2976,09:30:03,3396.0,15
2977,09:30:03,3396.0,8
2978,09:30:03,3396.0,1
2979,09:30:03,3396.0,2
2980,09:30:03,3396.0,5
2981,09:30:03,3396.0,7
2982,09:30:03,3396.0,10
2983,09:30:03,3396.0,1
2984,09:30:03,3396.0,5
2985,09:30:03,3396.0,70
2986,09:30:03,3396.0,1
2987,09:30:03,3396.0,2
2988,09:30:03,3396.0,1
2989,09:30:03,3396.0,1
2990,09:30:03,3396.0,1
2991,09:30:03,3396.0,23
2992,09:30:03,3396.0,1
2993,09:30:03,3396.0,3
2994,09:30:03,3396.0,4
2995,09:30:03,3396.0,1
2996,09:30:03,3396.0,2
2997,09:30:03,3396.0,25
2998,09:30:03,3396.0,1
2999,09:30:03,3396.0,43
3000,09:30:03,3396.0,1
3001,09:30:03,3396.0,1
3002,09:30:03,3396.0,1
3003,09:30:03,3396.0,19
3004,09:30:03,3396.0,1
3005,09:30:03,3396.0,5
3006,09:30:03,3396.0,20
3007,09:30:03,3396.0,2
3008,09:30:03,3396.0,20
3009,09:30:03,3396.0,43
3010,09:30:03,3396.0,310
3011,09:30:03,3396.0,10
3012,09:30:03,3396.0,43
3013,09:30:03,3396.0,1
3014,09:30:03,3396.0,1
3015,09:30:03,3396.0,1
3016,09:30:03,3396.0,35
3017,09:30:03,3396.0,1
3018,09:30:03,3396.0,2
3019,09:30:03,3396.0,5
3020,09:30:03,3396.0,20
3021,09:30:03,3396.0,20
3022,09:30:03,3396.0,1
3023,09:30:03,3396.0,1
3024,09:30:03,3396.0,15
3025,09:30:03,3396.0,1
3026,09:30:03,3396.0,3
3027,09:30:03,3396.0,1
3028,09:30:03,3396.0,30
3029,09:30:03,3396.0,1
3030,09:30:03,3396.0,2
3031,09:30:03,3396.0,75
3032,09:30:03,3396.0,1
3033,09:30:03,3396.0,2
3034,09:30:03,3396.0,50
3035,09:30:03,3396.0,5
3036,09:30:03,3396.0,1
3037,09:30:03,3396.0,1
3038,09:30:03,3396.0,1
3039,09:30:03,3396.0,1
3040,09:30:03,3396.0,6
3041,09:30:03,3396.0,2
3042,09:30:03,3396.0,2
3043,09:30:03,3396.0,91
3044,09:30:03,3396.0,1
3045,09:30:03,3396.0,2
3046,09:30:03,3396.0,1
3047,09:30:03,3396.0,25
3048,09:30:03,3396.0,2
3049,09:30:03,3396.0,5
3050,09:30:03,3396.0,1
3051,09:30:03,3396.0,1
3052,09:30:03,3396.0,6
3053,09:30:03,3396.0,5
3054,09:30:03,3396.0,5
3055,09:30:03,3396.0,1
3056,09:30:03,3396.0,1
3057,09:30:03,3396.0,4
3058,09:30:03,3396.0,1
3059,09:30:03,3396.0,2
3060,09:30:03,3396.0,1
3061,09:30:03,3396.0,10
3062,09:30:03,3396.0,2
3063,09:30:03,3396.0,1
3064,09:30:03,3396.0,1
3065,09:30:03,3396.0,10
3066,09:30:03,3396.0,1
3067,09:30:03,3396.0,2
3068,09:30:03,3396.0,1
3069,09:30:03,3396.0,2
3070,09:30:03,3396.0,50
3071,09:30:03,3396.0,5
3072,09:30:03,3396.0,5
3073,09:30:03,3396.0,131
3074,09:30:03,3396.0,2
3075,09:30:03,3396.0,2
3076,09:30:03,3396.0,1
3077,09:30:03,3396.0,1
3078,09:30:03,3396.0,3
3079,09:30:03,3396.0,2
3080,09:30:03,3396.0,2
3081,09:30:03,3396.0,10
3082,09:30:03,3396.0,1
3083,09:30:03,3396.0,15
3084,09:30:03,3396.0,2
3085,09:30:03,3396.0,1
3086,09:30:03,3396.0,1
3087,09:30:03,3396.0,1
3088,09:30:03,3396.0,1
3089,09:30:03,3396.0,1
3090,09:30:03,3396.0,100
3091,09:30:03,3396.0,2
3092,09:30:03,3396.0,3
3093,09:30:03,3396.0,10
3094,09:30:03,3396.0,2
3095,09:30:03,3396.0,2
3096,09:30:03,3396.0,3
3097,09:30:03,3396.0,1
3098,09:30:03,3396.0,2
3099,09:30:03,3396.0,1
3100,09:30:03,3396.0,1
3101,09:30:03,3396.0,1
3102,09:30:03,3396.0,1
3103,09:30:03,3396.0,25
3104,09:30:03,3396.0,1
3105,09:30:03,3396.0,10
3106,09:30:03,3396.0,10
3107,09:30:03,3396.0,10
3108,09:30:03,3396.0,10
3109,09:30:03,3396.0,20
3110,09:30:03,3396.0,19
3111,09:30:03,3396.0,20
3112,09:30:03,3396.0,11
3113,09:30:03,3396.0,40
3114,09:30:03,3396.0,26
3115,09:30:03,3396.0,54
3116,09:30:03,3396.0,5
3117,09:30:03,3396.0,10
3118,09:30:03,3396.0,1
3119,09:30:03,3396.0,4
3120,09:30:03,3396.0,1
3121,09:30:03,3396.0,2
3122,09:30:03,3396.0,14
3123,09:30:03,3396.0,1
3124,09:30:03,3396.0,2
3125,09:30:03,3396.0,2
3126,09:30:03,3396.0,1
3127,09:30:03,3396.0,13
3128,09:30:03,3396.0,5
3129,09:30:03,3396.0,8
3130,09:30:03,3396.0,8
3131,09:30:03,3396.0,29
3132,09:30:03,3396.0,2
3133,09:30:03,3396.0,2
3134,09:30:03,3396.0,2
3135,09:30:03,3396.0,1
3136,09:30:03,3396.0,1
3137,09:30:03,3396.0,1
3138,09:30:03,3396.0,2
3139,09:30:03,3396.0,1
3140,09:30:03,3396.0,10
3141,09:30:03,3396.0,3
3142,09:30:03,3396.0,5
3143,09:30:03,3396.0,7
3144,09:30:03,3396.0,3
3145,09:30:03,3396.0,4
3146,09:30:03,3396.0,18
3147,09:30:03,3396.0,10
3148,09:30:03,3396.0,1
3149,09:30:03,3396.0,10
3150,09:30:03,3396.0,1
3151,09:30:03,3396.0,1
3152,09:30:03,3396.0,1
3153,09:30:03,3396.0,1
3154,09:30:03,3396.0,1
3155,09:30:03,3396.0,1
3156,09:30:03,3396.0,1
3157,09:30:03,3396.0,1
3158,09:30:03,3396.0,2
3159,09:30:03,3396.0,1
3160,09:30:03,3396.0,10
3161,09:30:03,3396.0,3
3162,09:30:03,3396.0,5
3163,09:30:03,3396.0,7
3164,09:30:03,3396.0,3
3165,09:30:03,3396.0,4
3166,09:30:03,3396.0,18
3167,09:30:03,3396.0,10
3168,09:30:03,3396.0,1
3169,09:30:03,3396.0,10
3170,09:30:03,3396.0,1
3171,09:30:03,3396.0,1
3172,09:30:03,3396.0,1
3173,09:30:03,3396.0,1
3174,09:30:03,3396.0,1
3175,09:30:03,3396.0,1
3176,09:30:03,3396.0,1
3177,09:30:03,3396.0,1
3178,09:30:03,3396.0,2
3179,09:30:03,3396.0,1
3180,09:30:03,3396.0,1
3181,09:30:03,3396.0,1
3182,09:30:03,3396.0,300
3183,09:30:03,3396.0,1
3184,09:30:03,3396.0,2
3185,09:30:03,3396.0,1
3186,09:30:03,3396.0,1
3187,09:30:03,3396.0,1
3188,09:30:03,3396.0,100
3189,09:30:03,3396.0,1
3190,09:30:03,3396.0,3
3191,09:30:03,3396.0,50
3192,09:30:03,3396.0,10
3193,09:30:03,3396.0,10
3194,09:30:03,3396.0,10
3195,09:30:03,3396.0,1
3196,09:30:03,3396.0,1
3197,09:30:03,3396.0,1
3198,09:30:03,3396.0,5
3199,09:30:03,3396.0,5
3200,09:30:03,3396.0,2
3201,09:30:03,3396.0,7
3202,09:30:03,3396.0,1
3203,09:30:03,3396.0,36
3204,09:30:03,3396.0,1
3205,09:30:03,3396.0,1
3206,09:30:03,3396.0,7
3207,09:30:03,3396.0,4
3208,09:30:03,3396.0,1
3209,09:30:03,3396.0,2
3210,09:30:03,3396.0,2
3211,09:30:03,3396.0,1
3212,09:30:03,3396.0,20
3213,09:30:03,3396.0,1
3214,09:30:03,3396.0,1
3215,09:30:03,3396.0,1
3216,09:30:03,3396.0,1
3217,09:30:03,3396.0,2
3218,09:30:03,3396.0,3
3219,09:30:03,3396.0,1
3220,09:30:03,3396.0,1
3221,09:30:03,3396.0,1
3222,09:30:03,3396.0,10
3223,09:30:03,3396.0,1
3224,09:30:03,3396.0,1
3225,09:30:03,3396.0,3
3226,09:30:03,3396.0,1
3227,09:30:03,3396.0,2
3228,09:30:03,3396.0,1
3229,09:30:03,3396.0,1
3230,09:30:03,3396.0,5
3231,09:30:03,3396.0,5
3232,09:30:03,3396.0,1
3233,09:30:03,3396.0,1
3234,09:30:03,3396.0,2
3235,09:30:03,3396.0,10
3236,09:30:03,3396.0,50
3237,09:30:03,3396.0,1
3238,09:30:03,3396.0,1
3239,09:30:03,3396.0,1
3240,09:30:03,3396.0,5
3241,09:30:03,3396.0,2
3242,09:30:03,3396.0,2
3243,09:30:03,3396.0,1
3244,09:30:03,3396.0,25
3245,09:30:03,3396.0,3
3246,09:30:03,3396.0,2
3247,09:30:03,3396.0,1
3248,09:30:03,3396.0,4
3249,09:30:03,3396.0,1
3250,09:30:03,3396.0,50
3251,09:30:03,3396.0,1
3252,09:30:03,3396.0,5
3253,09:30:03,3396.0,2
3254,09:30:03,3396.0,1
3255,09:30:03,3396.0,1
3256,09:30:03,3396.0,2
3257,09:30:03,3396.0,1
3258,09:30:03,3396.0,1
3259,09:30:03,3396.0,1000
3260,09:30:03,3396.0,1
3261,09:30:03,3396.0,1
3262,09:30:03,3396.0,1
3263,09:30:03,3396.0,1
3264,09:30:03,3396.0,1
3265,09:30:03,3396.0,20
3266,09:30:03,3396.0,2
3267,09:30:03,3396.0,1
3268,09:30:03,3396.0,1
3269,09:30:03,3396.0,3
3270,09:30:03,3396.0,8
3271,09:30:03,3396.0,15
3272,09:30:03,3396.0,1
3273,09:30:03,3396.0,1
3274,09:30:03,3396.0,1
3275,09:30:03,3396.0,2
3276,09:30:03,3396.0,1
3277,09:30:03,3396.0,1
3278,09:30:03,3396.0,1
3279,09:30:03,3396.0,2
3280,09:30:03,3396.0,3
3281,09:30:03,3396.0,4
3282,09:30:03,3396.0,2
3283,09:30:03,3396.0,5
3284,09:30:03,3396.0,3
3285,09:30:03,3396.0,1
3286,09:30:03,3396.0,1
3287,09:30:03,3396.0,1
3288,09:30:03,3396.0,20
3289,09:30:03,3396.0,5
3290,09:30:03,3396.0,1
3291,09:30:03,3396.0,2
3292,09:30:03,3396.0,1
3293,09:30:03,3396.0,2
3294,09:30:03,3396.0,1
3295,09:30:03,3396.0,15
3296,09:30:03,3396.0,2
3297,09:30:03,3396.0,10
3298,09:30:03,3396.0,1
3299,09:30:03,3396.0,1
3300,09:30:03,3396.0,2
3301,09:30:03,3396.0,1
3302,09:30:03,3396.0,10
3303,09:30:03,3396.0,1
3304,09:30:03,3396.0,1
3305,09:30:03,3396.0,1
3306,09:30:03,3396.0,10
3307,09:30:03,3396.0,4
3308,09:30:03,3396.0,34
3309,09:30:03,3396.0,51
3310,09:30:03,3396.0,1
3311,09:30:03,3396.0,1
3312,09:30:03,3396.0,1
3313,09:30:03,3396.0,1
3314,09:30:03,3396.0,10
3315,09:30:03,3396.0,1
3316,09:30:03,3396.0,1
3317,09:30:03,3396.0,1
3318,09:30:03,3396.0,30
3319,09:30:03,3396.0,3
3320,09:30:03,3396.0,1
3321,09:30:03,3396.0,1
3322,09:30:03,3396.0,10
3323,09:30:03,3396.0,1
3324,09:30:03,3396.0,3
3325,09:30:03,3396.0,2
3326,09:30:03,3396.0,1
3327,09:30:03,3396.0,2
3328,09:30:03,3396.0,10
3329,09:30:03,3396.0,1
3330,09:30:03,3396.0,5
3331,09:30:03,3396.0,1
3332,09:30:03,3396.0,1
3333,09:30:03,3396.0,1
3334,09:30:03,3396.0,2
3335,09:30:03,3396.0,1
3336,09:30:03,3396.0,3
3337,09:30:03,3396.0,1
3338,09:30:03,3396.0,1
3339,09:30:03,3396.0,1
3340,09:30:03,3396.0,2
3341,09:30:03,3396.0,4
3342,09:30:03,3396.0,5
3343,09:30:03,3396.0,1
3344,09:30:03,3396.0,1
3345,09:30:03,3396.0,2
3346,09:30:03,3396.0,13
3347,09:30:03,3396.0,3
3348,09:30:03,3396.0,10
3349,09:30:03,3396.0,10
3350,09:30:03,3396.0,5
3351,09:30:03,3396.0,2
3352,09:30:03,3396.0,1
3353,09:30:03,3396.0,1
3354,09:30:03,3396.0,1
3355,09:30:03,3396.0,1
3356,09:30:03,3396.0,10
3357,09:30:03,3396.0,12
3358,09:30:03,3396.0,10
3359,09:30:03,3396.0,1
3360,09:30:03,3396.0,2
3361,09:30:03,3396.0,1
3362,09:30:03,3396.0,1
3363,09:30:03,3396.0,1
3364,09:30:03,3396.0,1
3365,09:30:03,3396.0,1
3366,09:30:03,3396.0,1
3367,09:30:03,3396.0,1
3368,09:30:03,3396.0,1
3369,09:30:03,3396.0,2
3370,09:30:03,3396.0,200
3371,09:30:03,3396.0,3
3372,09:30:03,3396.0,2
3373,09:30:03,3396.0,60
3374,09:30:03,3396.0,2
3375,09:30:03,3396.0,1
3376,09:30:03,3396.0,1
3377,09:30:03,3396.0,10
3378,09:30:03,3396.0,1
3379,09:30:03,3396.0,13
3380,09:30:03,3396.0,3
3381,09:30:03,3396.0,10
3382,09:30:03,3396.0,8
3383,09:30:03,3396.0,1
3384,09:30:03,3396.0,1
3385,09:30:03,3396.0,2
3386,09:30:03,3396.0,1
3387,09:30:03,3396.0,1
3388,09:30:03,3396.0,5
3389,09:30:03,3396.0,1
3390,09:30:03,3396.0,1
3391,09:30:03,3396.0,1
3392,09:30:03,3396.0,2
3393,09:30:03,3396.0,1
3394,09:30:03,3396.0,1
3395,09:30:03,3396.0,3
3396,09:30:03,3396.0,1
3397,09:30:03,3396.0,10
3398,09:30:03,3396.0,2
3399,09:30:03,3396.0,1
3400,09:30:03,3396.0,1
3401,09:30:03,3396.0,1
3402,09:30:03,3396.0,10
3403,09:30:03,3396.0,6
3404,09:30:03,3396.0,1
3405,09:30:03,3396.0,2
3406,09:30:03,3396.0,2
3407,09:30:03,3396.0,1
3408,09:30:03,3396.0,5
3409,09:30:03,3396.0,10
3410,09:30:03,3396.0,5
3411,09:30:03,3396.0,10
3412,09:30:03,3396.0,1
3413,09:30:03,3396.0,1
3414,09:30:03,3396.0,10
3415,09:30:03,3396.0,10
3416,09:30:03,3396.0,5
3417,09:30:03,3396.0,1
3418,09:30:03,3396.0,5
3419,09:30:03,3396.0,2
3420,09:30:03,3396.0,3
3421,09:30:03,3396.0,2
3422,09:30:03,3396.0,3
3423,09:30:03,3396.0,2
3424,09:30:03,3396.0,1
3425,09:30:03,3396.0,2
3426,09:30:03,3396.0,1
3427,09:30:03,3396.0,3
3428,09:30:03,3396.0,2
3429,09:30:03,3396.0,1
3430,09:30:03,3396.0,1
3431,09:30:03,3396.0,1
3432,09:30:03,3396.0,2
3433,09:30:03,3396.0,4
3434,09:30:03,3396.0,5
3435,09:30:03,3396.0,1
3436,09:30:03,3396.0,1
3437,09:30:03,3396.0,1
3438,09:30:03,3396.0,1
3439,09:30:03,3396.0,4
3440,09:30:03,3396.0,1
3441,09:30:03,3396.0,4
3442,09:30:03,3396.0,1
3443,09:30:03,3396.0,3
3444,09:30:03,3396.0,2
3445,09:30:03,3396.0,1
3446,09:30:03,3396.0,7
3447,09:30:03,3396.0,3
3448,09:30:03,3396.0,1
3449,09:30:03,3396.0,5
3450,09:30:03,3396.0,1
3451,09:30:03,3396.0,3
3452,09:30:03,3396.0,1
3453,09:30:03,3396.0,1
3454,09:30:03,3396.0,1
3455,09:30:03,3396.0,1
3456,09:30:03,3396.0,2
3457,09:30:03,3396.0,1
3458,09:30:03,3396.0,5
3459,09:30:03,3396.0,4
3460,09:30:03,3396.0,10
3461,09:30:03,3396.0,47
3462,09:30:03,3396.0,5
3463,09:30:03,3396.0,1
3464,09:30:03,3396.0,1
3465,09:30:03,3396.0,1
3466,09:30:03,3396.0,4
3467,09:30:03,3396.0,1
3468,09:30:03,3396.0,3
3469,09:30:03,3396.0,1
3470,09:30:03,3396.0,1
3471,09:30:03,3396.0,3
3472,09:30:03,3396.0,1
3473,09:30:03,3396.0,1
3474,09:30:03,3396.0,5
3475,09:30:03,3396.0,1
3476,09:30:03,3396.0,1
3477,09:30:03,3396.0,1
3478,09:30:03,3396.0,1
3479,09:30:03,3396.0,30
3480,09:30:03,3396.0,6
3481,09:30:03,3396.0,1
3482,09:30:03,3396.0,5
3483,09:30:03,3396.0,1
3484,09:30:03,3396.0,1
3485,09:30:03,3396.0,3
3486,09:30:03,3396.0,10
3487,09:30:03,3396.0,4
3488,09:30:03,3396.0,3
3489,09:30:03,3396.0,4
3490,09:30:03,3396.0,1
3491,09:30:03,3396.0,1
3492,09:30:03,3396.0,3
3493,09:30:03,3396.0,1
3494,09:30:03,3396.0,1
3495,09:30:03,3396.0,2
3496,09:30:03,3396.0,1
3497,09:30:03,3396.0,1
3498,09:30:03,3396.0,2
3499,09:30:03,3396.0,25
3500,09:30:03,3396.0,1
3501,09:30:03,3396.0,1
3502,09:30:03,3396.0,2
3503,09:30:03,3396.0,1
3504,09:30:03,3396.0,10
3505,09:30:03,3396.0,1
3506,09:30:03,3396.0,1
3507,09:30:03,3396.0,1
3508,09:30:03,3396.0,8
3509,09:30:03,3396.0,1
3510,09:30:03,3396.0,1
3511,09:30:03,3396.0,1
3512,09:30:03,3396.0,1
3513,09:30:03,3396.0,1
3514,09:30:03,3396.0,2
3515,09:30:03,3396.0,5
3516,09:30:03,3396.0,3
3517,09:30:03,3396.0,3
3518,09:30:03,3396.0,1
3519,09:30:03,3396.0,1
3520,09:30:03,3396.0,1
3521,09:30:03,3396.0,1
3522,09:30:03,3396.0,1
3523,09:30:03,3396.0,100
3524,09:30:03,3396.0,1
3525,09:30:03,3396.0,1
3526,09:30:03,3396.0,10
3527,09:30:03,3396.0,5
3528,09:30:03,3396.0,10
3529,09:30:03,3396.0,2
3530,09:30:03,3396.0,1
3531,09:30:03,3396.0,1
3532,09:30:03,3396.0,3
3533,09:30:03,3396.0,1
3534,09:30:03,3396.0,4
3535,09:30:03,3396.0,1
3536,09:30:03,3396.0,2
3537,09:30:03,3396.0,1
3538,09:30:03,3396.0,2
3539,09:30:03,3396.0,1
3540,09:30:03,3396.0,10
3541,09:30:03,3396.0,1
3542,09:30:03,3396.0,1
3543,09:30:03,3396.0,10
3544,09:30:03,3396.0,1
3545,09:30:03,3396.0,1
3546,09:30:03,3396.0,4
3547,09:30:03,3396.0,1
3548,09:30:03,3396.0,1
3549,09:30:03,3396.0,1
3550,09:30:03,3396.0,4
3551,09:30:03,3396.0,1
3552,09:30:03,3396.0,1
3553,09:30:03,3396.0,1
3554,09:30:03,3396.0,1
3555,09:30:03,3396.0,1
3556,09:30:03,3396.0,9
3557,09:30:03,3396.0,4
3558,09:30:03,3396.0,5
3559,09:30:03,3396.0,1
3560,09:30:03,3396.0,1
3561,09:30:03,3396.0,3
3562,09:30:03,3396.0,2
3563,09:30:03,3396.0,5
3564,09:30:03,3396.0,1
3565,09:30:03,3396.0,1
3566,09:30:03,3396.0,1
3567,09:30:03,3396.0,1
3568,09:30:03,3396.0,10
3569,09:30:03,3396.0,10
3570,09:30:03,3396.0,1
3571,09:30:03,3396.0,1
3572,09:30:03,3396.0,7
3573,09:30:03,3396.0,5
3574,09:30:03,3396.0,5
3575,09:30:03,3396.0,1
3576,09:30:03,3396.0,4
3577,09:30:03,3396.0,5
3578,09:30:03,3396.0,1
3579,09:30:03,3396.0,10
3580,09:30:03,3396.0,1
3581,09:30:03,3396.0,1
3582,09:30:03,3396.0,50
3583,09:30:03,3396.0,5
3584,09:30:03,3396.0,2
3585,09:30:03,3396.0,10
3586,09:30:03,3396.0,3
3587,09:30:03,3396.0,5
3588,09:30:03,3396.0,3
3589,09:30:03,3396.0,10
3590,09:30:03,3396.0,3
3591,09:30:03,3396.0,2
3592,09:30:03,3396.0,1
3593,09:30:03,3396.0,4
3594,09:30:03,3396.0,1
3595,09:30:03,3396.0,1
3596,09:30:03,3396.0,1
3597,09:30:03,3396.0,1
3598,09:30:03,3396.0,1
3599,09:30:03,3396.0,1
3600,09:30:03,3396.0,1
3601,09:30:03,3396.0,2
3602,09:30:03,3396.0,1
3603,09:30:03,3396.0,1
3604,09:30:03,3396.0,90
3605,09:30:03,3396.0,30
3606,09:30:03,3396.0,2
3607,09:30:03,3396.0,1
3608,09:30:03,3396.0,40
3609,09:30:03,3396.0,10
3610,09:30:03,3396.0,5
3611,09:30:03,3396.0,1
3612,09:30:03,3396.0,5
3613,09:30:03,3396.0,5
3614,09:30:03,3396.0,2
3615,09:30:03,3396.0,3
3616,09:30:03,3396.0,1
3617,09:30:03,3396.0,1
3618,09:30:03,3396.0,10
3619,09:30:03,3396.0,1
3620,09:30:03,3396.0,3
3621,09:30:03,3396.0,3
3622,09:30:03,3396.0,1
3623,09:30:03,3396.0,1
3624,09:30:03,3396.0,1
3625,09:30:03,3396.0,5
3626,09:30:03,3396.0,10
3627,09:30:03,3396.0,1
3628,09:30:03,3396.0,1
3629,09:30:03,3396.0,3
3630,09:30:03,3396.0,1
3631,09:30:03,3396.0,1
3632,09:30:03,3396.0,1
3633,09:30:03,3396.0,1
3634,09:30:03,3396.0,1
3635,09:30:03,3396.0,1
3636,09:30:03,3396.0,21
3637,09:30:03,3396.0,5
3638,09:30:03,3396.0,20
3639,09:30:03,3396.0,10
3640,09:30:03,3396.0,1
3641,09:30:03,3396.0,2
3642,09:30:03,3396.0,1
3643,09:30:03,3396.0,1
3644,09:30:03,3396.0,5
3645,09:30:03,3396.0,59
3646,09:30:03,3396.0,15
3647,09:30:03,3396.0,1
3648,09:30:03,3396.0,15
3649,09:30:03,3396.0,8
3650,09:30:03,3396.0,30
3651,09:30:03,3396.0,7
3652,09:30:03,3396.0,12
3653,09:30:03,3396.0,12
3654,09:30:03,3396.0,50
3655,09:30:03,3396.0,10
3656,09:30:03,3396.0,12
3657,09:30:03,3396.0,15
3658,09:30:03,3396.0,6
3659,09:30:03,3396.0,10
3660,09:30:03,3396.0,6
3661,09:30:03,3396.0,10
3662,09:30:03,3396.0,1
3663,09:30:03,3396.0,100
3664,09:30:03,3396.0,2
3665,09:30:03,3396.0,2
3666,09:30:03,3396.0,3
3667,09:30:03,3396.0,2
3668,09:30:03,3396.0,1
3669,09:30:03,3396.0,1
3670,09:30:03,3396.0,30
3671,09:30:03,3396.0,1
3672,09:30:03,3396.0,2
3673,09:30:03,3396.0,9
3674,09:30:03,3396.0,6
3675,09:30:03,3396.0,20
3676,09:30:03,3396.0,9
3677,09:30:03,3396.0,4
3678,09:30:03,3396.0,1
3679,09:30:03,3396.0,1
3680,09:30:03,3396.0,1
3681,09:30:03,3396.0,1
3682,09:30:03,3396.0,2
3683,09:30:03,3396.0,1
3684,09:30:03,3396.0,1
3685,09:30:03,3396.0,1
3686,09:30:03,3396.0,1
3687,09:30:03,3396.0,10
3688,09:30:03,3396.0,1
3689,09:30:03,3396.0,1
3690,09:30:03,3396.0,2
3691,09:30:03,3396.0,3
3692,09:30:03,3396.0,2
3693,09:30:03,3396.0,3
3694,09:30:03,3396.0,3
3695,09:30:03,3396.0,1
3696,09:30:03,3396.0,10
3697,09:30:03,3396.0,1
3698,09:30:03,3396.0,1
3699,09:30:03,3396.0,1
3700,09:30:03,3396.0,2
3701,09:30:03,3396.0,1
3702,09:30:03,3396.0,1
3703,09:30:03,3396.0,2
3704,09:30:03,3396.0,1
3705,09:30:03,3396.0,5
3706,09:30:03,3396.0,1
3707,09:30:03,3396.0,3
3708,09:30:03,3396.0,1
3709,09:30:03,3396.0,1
3710,09:30:03,3396.0,1
3711,09:30:03,3396.0,2
3712,09:30:03,3396.0,3
3713,09:30:03,3396.0,1
3714,09:30:03,3396.0,1
3715,09:30:03,3396.0,1
3716,09:30:03,3396.0,1
3717,09:30:03,3396.0,13
3718,09:30:03,3396.0,5
3719,09:30:03,3396.0,2
3720,09:30:03,3396.0,10
3721,09:30:03,3396.0,1
3722,09:30:03,3396.0,1
3723,09:30:03,3396.0,1
3724,09:30:03,3396.0,1
3725,09:30:03,3396.0,5
3726,09:30:03,3396.0,5
3727,09:30:03,3396.0,1
3728,09:30:03,3396.0,1
3729,09:30:03,3396.0,1
3730,09:30:03,3396.0,9
3731,09:30:03,3396.0,1
3732,09:30:03,3396.0,1
3733,09:30:03,3396.0,1
3734,09:30:03,3396.0,1
3735,09:30:03,3396.0,5
3736,09:30:03,3396.0,1
3737,09:30:03,3396.0,2
3738,09:30:03,3396.0,1
3739,09:30:03,3396.0,5
3740,09:30:03,3396.0,1
3741,09:30:03,3396.0,1
3742,09:30:03,3396.0,7
3743,09:30:03,3396.0,1
3744,09:30:03,3396.0,10
3745,09:30:03,3396.0,1
3746,09:30:03,3396.0,1
3747,09:30:03,3396.0,4
3748,09:30:03,3396.0,1
3749,09:30:03,3396.0,3
3750,09:30:03,3396.0,1
3751,09:30:03,3396.0,1
3752,09:30:03,3396.0,50
3753,09:30:03,3396.0,2
3754,09:30:03,3396.0,1
3755,09:30:03,3396.0,10
3756,09:30:03,3396.0,3
3757,09:30:03,3396.0,1
3758,09:30:03,3396.0,3
3759,09:30:03,3396.0,10
3760,09:30:03,3396.0,30
3761,09:30:03,3396.0,5
3762,09:30:03,3396.0,3
3763,09:30:03,3396.0,3
3764,09:30:03,3396.0,1
3765,09:30:03,3396.0,5
3766,09:30:03,3396.0,2
3767,09:30:03,3396.0,2
3768,09:30:03,3396.0,1
3769,09:30:03,3396.0,5
3770,09:30:03,3396.0,1
3771,09:30:03,3396.0,10
3772,09:30:03,3396.0,2
3773,09:30:03,3396.0,100
3774,09:30:03,3396.0,4
3775,09:30:03,3396.0,1
3776,09:30:03,3396.0,1
3777,09:30:03,3396.0,1
3778,09:30:03,3396.0,1
3779,09:30:03,3396.0,1
3780,09:30:03,3396.0,44
3781,09:30:03,3396.0,1
3782,09:30:03,3396.0,1
3783,09:30:03,3396.0,1
3784,09:30:03,3396.0,5
3785,09:30:03,3396.0,1
3786,09:30:03,3396.0,1
3787,09:30:03,3396.0,2
3788,09:30:03,3396.0,4
3789,09:30:03,3396.0,5
3790,09:30:03,3396.0,1
3791,09:30:03,3396.0,1
3792,09:30:03,3396.0,1
3793,09:30:03,3396.0,1
3794,09:30:03,3396.0,50
3795,09:30:03,3396.0,1
3796,09:30:03,3396.0,2
3797,09:30:03,3396.0,3
3798,09:30:03,3396.0,3
3799,09:30:03,3396.0,1
3800,09:30:03,3396.0,10
3801,09:30:03,3396.0,1
3802,09:30:03,3396.0,1
3803,09:30:03,3396.0,2
3804,09:30:03,3396.0,1
3805,09:30:03,3396.0,2
3806,09:30:03,3396.0,4
3807,09:30:03,3396.0,1
3808,09:30:03,3396.0,1
3809,09:30:03,3396.0,1
3810,09:30:03,3396.0,2
3811,09:30:03,3396.0,1
3812,09:30:03,3396.0,1
3813,09:30:03,3396.0,1
3814,09:30:03,3396.0,1
3815,09:30:03,3396.0,1
3816,09:30:03,3396.0,1
3817,09:30:03,3396.0,1
3818,09:30:03,3396.0,1
3819,09:30:03,3396.0,100
3820,09:30:03,3396.0,94
3821,09:30:03,3396.0,93
3822,09:30:03,3396.0,10
3823,09:30:03,3396.0,93
3824,09:30:03,3396.0,20
3825,09:30:03,3396.0,5
3826,09:30:03,3396.0,94
3827,09:30:03,3396.0,1
3828,09:30:03,3396.0,1
3829,09:30:03,3396.0,5
3830,09:30:03,3396.0,10
3831,09:30:03,3396.0,2
3832,09:30:03,3396.0,2
3833,09:30:03,3396.0,1
3834,09:30:03,3396.0,1
3835,09:30:03,3396.0,2
3836,09:30:03,3396.0,2
3837,09:30:03,3396.0,600
3838,09:30:03,3396.0,93
3839,09:30:03,3396.0,100
3840,09:30:03,3396.0,30
3841,09:30:03,3396.0,1
3842,09:30:03,3396.0,94
3843,09:30:03,3396.0,672
3844,09:30:03,3396.0,93
3845,09:30:03,3396.0,542
3846,09:30:03,3396.0,93
3847,09:30:03,3396.0,1
3848,09:30:03,3396.0,1
3849,09:30:03,3396.0,10
3850,09:30:03,3396.0,5
3851,09:30:03,3396.0,1
3852,09:30:03,3396.0,2
3853,09:30:03,3396.0,1
3854,09:30:03,3396.0,1
3855,09:30:03,3396.0,4
3856,09:30:03,3396.0,2
3857,09:30:03,3396.0,1
3858,09:30:03,3396.0,5
3859,09:30:03,3396.0,5
3860,09:30:03,3396.0,1
3861,09:30:03,3396.0,2
3862,09:30:03,3396.0,2
3863,09:30:03,3396.0,5
3864,09:30:03,3396.0,1
3865,09:30:03,3396.0,1
3866,09:30:03,3396.0,1
3867,09:30:03,3396.0,1
3868,09:30:03,3396.0,1
3869,09:30:03,3396.0,100
3870,09:30:03,3396.0,1
3871,09:30:03,3396.0,12
3872,09:30:03,3396.0,10
3873,09:30:03,3396.0,1
3874,09:30:03,3396.0,18
3875,09:30:03,3396.0,94
3876,09:30:03,3396.0,1
3877,09:30:03,3396.0,93
3878,09:30:03,3396.0,18
3879,09:30:03,3396.0,1
3880,09:30:03,3396.0,448
3881,09:30:03,3396.0,93
3882,09:30:03,3396.0,5
3883,09:30:03,3396.0,100
3884,09:30:03,3396.0,2
3885,09:30:03,3396.0,3
3886,09:30:03,3396.0,94
3887,09:30:03,3396.0,1
3888,09:30:03,3396.0,10
3889,09:30:03,3396.0,100
3890,09:30:03,3396.0,1
3891,09:30:03,3396.0,1
3892,09:30:03,3396.0,2
3893,09:30:03,3396.0,10
3894,09:30:03,3396.0,2
3895,09:30:03,3396.0,1
3896,09:30:03,3396.0,1
3897,09:30:03,3396.0,1
3898,09:30:03,3396.0,5
3899,09:30:03,3396.0,1
3900,09:30:03,3396.0,10
3901,09:30:03,3396.0,5
3902,09:30:03,3396.0,1
3903,09:30:03,3396.0,100
3904,09:30:03,3396.0,1
3905,09:30:03,3396.0,16
3906,09:30:03,3396.0,93
3907,09:30:03,3396.0,1
3908,09:30:03,3396.0,20
3909,09:30:03,3396.0,30
3910,09:30:03,3396.0,94
3911,09:30:03,3396.0,93
3912,09:30:03,3396.0,18
3913,09:30:03,3396.0,2
3914,09:30:03,3396.0,3
3915,09:30:03,3396.0,93
3916,09:30:03,3396.0,1
3917,09:30:03,3396.0,1
3918,09:30:03,3396.0,1
3919,09:30:03,3396.0,1
3920,09:30:03,3396.0,1
3921,09:30:03,3396.0,1
3922,09:30:03,3396.0,1
3923,09:30:03,3395.0,115
3924,09:30:03,3395.0,113
3925,09:30:03,3395.0,125
3926,10:29:59,3374.26,100
3927,10:29:57,3374.48,100
3928,10:29:53,3373.0,108
3929,10:29:53,3373.14,100
3930,10:29:47,3373.63,118
3931,10:29:44,3374.02,100
3932,10:29:36,3375.0,100
3933,10:29:36,3375.0,100
3934,10:29:36,3375.02,100
3935,10:29:36,3375.0,100
3936,10:29:17,3374.06,100
3937,10:29:14,3374.455,100
3938,10:29:11,3374.02,100
3939,10:29:11,3374.0,500
3940,10:29:10,3374.25,143
3941,10:28:59,3374.14,100
3942,10:28:56,3374.67,200
3943,10:28:56,3374.67,100
3944,10:28:47,3376.23,126
3945,10:28:46,3374.45,100
3946,10:28:46,3374.352,100
3947,10:28:44,3375.66,100
3948,10:28:43,3375.54,100
3949,10:28:43,3376.185,2100
3950,10:28:43,3375.54,100
3951,10:28:43,3375.54,100
3952,10:28:43,3375.54,100
3953,10:28:42,3376.095,100
3954,10:28:40,3376.08,100
3955,10:28:40,3375.54,100
3956,10:28:40,3375.54,100
3957,10:28:40,3376.185,100
3958,10:28:39,3375.475,400
3959,10:28:37,3375.51,100
3960,10:28:27,3375.6059,100
3961,10:28:18,3377.21,100
3962,10:28:16,3378.8975,1000
3963,10:28:13,3378.62,100
3964,10:28:08,3377.85,100
3965,10:28:08,3378.23,100
3966,10:28:08,3377.99,100
3967,10:28:08,3378.0,100
3968,10:28:08,3378.25,100
3969,10:28:08,3378.42,100
3970,10:28:03,3377.42,200
3971,10:27:58,3376.5601,100
3972,10:27:56,3377.065,400
3973,10:27:55,3377.065,200
3974,10:27:51,3377.0,100
3975,10:27:50,3376.86,100
3976,10:27:50,3376.53,100
3977,10:27:49,3376.42,305
3978,10:27:49,3376.42,125
3979,10:27:41,3376.31,100
3980,10:27:33,3374.795,133
3981,10:27:14,3374.565,200
3982,10:27:08,3374.6,100
3983,10:27:05,3373.86,200
3984,10:26:59,3374.0,100
3985,10:26:59,3374.48,100
3986,10:26:59,3374.44,100
3987,10:26:59,3374.42,100
3988,10:26:51,3375.0,200
3989,10:26:50,3375.15,100
3990,10:26:50,3374.77,100
3991,10:26:46,3376.0,331
3992,10:26:45,3374.0,100
3993,10:26:45,3374.31,100
3994,10:26:45,3373.64,100
3995,10:26:45,3373.84,100
3996,10:26:37,3373.445,500
3997,10:26:34,3373.77,220
3998,10:26:34,3373.625,100
3999,10:26:29,3373.395,400
4000,10:26:20,3373.34,100
4001,10:26:19,3374.31,100
4002,10:26:16,3373.5,300
4003,10:26:12,3372.29,100
4004,10:26:10,3372.33,100
4005,10:26:10,3372.33,100
4006,10:26:10,3372.13,200
4007,10:26:10,3371.93,100
4008,10:26:04,3370.69,100
4009,10:26:03,3370.57,125
4010,10:26:03,3370.5,123
4011,10:25:55,3370.855,100
4012,10:25:55,3370.0,100
4013,10:25:55,3369.47,150
4014,10:25:51,3369.32,100
4015,10:25:50,3369.275,100
4016,10:25:44,3368.725,113
4017,10:25:44,3368.725,147
4018,10:25:44,3368.73,200
4019,10:25:41,3369.35,125
4020,10:25:41,3369.35,115
4021,10:25:18,3370.35,100
4022,10:25:17,3371.48,100
4023,10:25:16,3371.48,100
4024,10:25:15,3371.48,125
4025,10:25:04,3371.205,135
4026,10:24:59,3371.8656,100
4027,10:24:50,3370.71,100
4028,10:24:43,3371.205,100
4029,10:24:42,3371.2,300
4030,10:24:41,3371.1124,100
4031,10:24:41,3371.0,232
4032,10:24:40,3370.47,100
4033,10:24:32,3371.205,200
4034,10:24:20,3371.195,144
4035,10:24:13,3371.88,100
4036,10:24:13,3372.31,100
4037,10:24:10,3371.61,100
4038,10:24:08,3371.8179,291
4039,10:24:05,3370.91,100
4040,10:24:01,3370.025,500
4041,10:24:00,3371.04,100
4042,10:24:00,3371.04,185
4043,10:24:00,3371.04,100
4044,10:23:58,3371.6669,100
4045,10:23:58,3372.19,100
4046,10:23:57,3372.3036,200
4047,10:23:54,3371.515,1100
4048,10:23:50,3370.5,600
4049,10:23:50,3371.0,100
4050,10:23:50,3370.56,100
4051,10:23:50,3370.42,100
4052,10:23:50,3370.44,100
4053,10:23:50,3370.5,235
4054,10:23:50,3369.736,250
4055,10:23:46,3369.6,200
4056,10:23:44,3368.7101,100
4057,10:23:44,3369.86,100
4058,10:23:42,3369.83,100
4059,10:23:42,3368.9269,300
4060,10:23:42,3368.5,100
4061,10:23:32,3368.74,100
4062,10:23:29,3368.8,100
4063,10:23:26,3368.055,500
4064,10:23:25,3368.255,100
4065,10:23:24,3368.375,100
4066,10:23:24,3368.375,100
4067,10:23:22,3368.38,100
4068,10:23:18,3368.06,100
4069,10:23:18,3368.06,100
4070,10:23:18,3368.4,100
4071,10:23:18,3368.06,100
4072,10:23:07,3368.1,101
4073,10:23:06,3368.4599,100
4074,10:23:04,3367.8264,146
4075,10:22:16,3367.3162,100
4076,10:22:15,3367.66,100
4077,10:22:15,3367.66,100
4078,10:22:05,3368.24,100
4079,10:22:01,3368.8529,100
4080,10:21:59,3368.4149,433
4081,10:21:54,3367.178,114
4082,10:21:46,3367.0501,140
4083,10:21:44,3367.0527,100
4084,10:21:44,3367.0535,100
4085,10:21:39,3367.5,100
4086,10:21:33,3367.62,100
4087,10:21:31,3366.76,100
4088,10:21:30,3367.145,100
4089,10:21:30,3366.53,270
4090,10:21:29,3367.38,100
4091,10:21:28,3366.21,200
4092,10:21:24,3366.6,500
4093,10:21:17,3366.74,1000
4094,10:21:15,3366.0,100
4095,10:21:14,3367.005,100
4096,10:21:14,3366.29,100
4097,10:21:08,3367.5001,100
4098,10:21:05,3368.0,100
4099,10:21:03,3368.0,100
4100,10:21:02,3367.52,100
4101,10:21:02,3367.42,100
4102,10:21:00,3366.815,100
4103,10:20:56,3366.6516,300
4104,10:20:56,3367.144,250
4105,10:20:53,3366.2059,100
4106,10:20:52,3366.9183,119
4107,10:20:42,3366.63,100
4108,10:20:42,3367.25,100
4109,10:20:42,3367.25,100
4110,10:20:41,3366.81,100
4111,10:20:41,3367.21,100
4112,10:20:41,3367.25,100
4113,10:20:38,3366.51,250
4114,10:20:38,3367.01,200
4115,10:20:37,3368.49,100
4116,10:20:37,3368.01,100
4117,10:20:37,3369.0,100
4118,10:20:28,3369.0,500
4119,10:20:27,3369.7637,100
4120,10:20:21,3370.063,204
4121,10:20:21,3370.063,296
4122,10:20:17,3371.42,100
4123,10:20:10,3370.4,100
4124,10:20:10,3371.23,100
4125,10:20:06,3371.12,100
4126,10:20:04,3371.0,100
4127,10:20:04,3371.0,100
4128,10:20:04,3371.0,100
4129,10:20:04,3371.0,125
4130,10:20:04,3371.0,115
4131,10:20:04,3371.0,100
4132,10:20:04,3371.0,100
4133,10:20:04,3371.12,100
4134,10:20:01,3370.0,100
4135,10:19:56,3370.19,100
4136,10:19:55,3370.25,100
4137,10:19:52,3370.3,100
4138,10:19:52,3371.26,100
4139,10:19:52,3371.34,100
4140,10:19:52,3371.44,100
4141,10:19:52,3371.325,100
4142,10:19:50,3372.6,100
4143,10:19:50,3372.6,100
4144,10:19:45,3371.6,100
4145,10:19:45,3371.3,100
4146,10:19:43,3371.4,100
4147,10:19:32,3371.89,100
4148,10:19:32,3372.44,100
4149,10:19:32,3372.82,100
4150,10:19:31,3372.447,500
4151,10:19:30,3371.62,100
4152,10:19:23,3371.89,500
4153,10:19:20,3371.0581,100
4154,10:19:19,3371.46,100
4155,10:19:19,3371.39,100
4156,10:19:17,3371.46,200
4157,10:19:17,3371.4,100
4158,10:19:17,3371.48,100
4159,10:19:16,3371.4,100
4160,10:19:16,3371.41,100
4161,10:19:12,3371.78,100
4162,10:19:12,3371.73,100
4163,10:19:11,3370.6588,700
4164,10:19:06,3371.205,500
4165,10:19:00,3370.07,100
4166,10:19:00,3370.09,100
4167,10:19:00,3370.09,100
4168,10:19:00,3370.98,100
4169,10:19:00,3370.98,100
4170,10:19:00,3371.06,100
4171,10:19:00,3371.06,100
4172,10:18:59,3371.07,100
4173,10:18:57,3371.5365,113
4174,10:18:57,3372.25,100
4175,10:18:56,3372.87,500
4176,10:18:55,3372.9,158
4177,10:18:55,3373.485,100
4178,10:18:55,3373.2,200
4179,10:18:55,3373.2,100
4180,10:18:55,3373.485,200
4181,10:18:52,3373.026,100
4182,10:18:47,3372.472,202
4183,10:18:42,3372.475,100
4184,10:18:40,3372.432,500
4185,10:18:39,3371.93,100
4186,10:18:39,3372.0,115
4187,10:18:38,3371.36,100
4188,10:18:37,3371.395,100
4189,10:18:36,3371.165,100
4190,10:18:35,3370.57,100
4191,10:18:32,3370.8,100
4192,10:18:32,3371.48,100
4193,10:18:32,3370.8,100
4194,10:18:30,3370.82,100
4195,10:18:25,3371.395,100
4196,10:18:22,3370.9733,132
4197,10:18:21,3372.1463,145
4198,10:18:21,3372.1463,125
4199,10:18:21,3372.5,100
