,NLS Time (ET),NLS Price,NLS Share Volume
0,09:59:59,3233.42,100
1,09:59:58,3234.97,100
2,09:59:58,3234.97,100
3,09:59:58,3234.97,100
4,09:59:58,3234.77,100
5,09:59:57,3234.385,200
6,09:59:52,3234.085,100
7,09:59:46,3233.81,100
8,09:59:42,3234.5299,100
9,09:59:37,3233.985,100
10,09:59:37,3234.51,100
11,09:59:37,3233.75,121
12,09:59:37,3233.95,100
13,09:59:25,3233.345,100
14,09:59:13,3233.58,100
15,09:59:08,3232.87,100
16,09:59:02,3234.11,300
17,09:59:01,3233.763,117
18,09:58:51,3233.84,100
19,09:58:42,3232.66,100
20,09:58:42,3233.18,100
21,09:58:41,3234.095,200
22,09:58:39,3233.99,138
23,09:58:37,3234.97,100
24,09:58:32,3234.91,100
25,09:58:31,3235.75,100
26,09:58:28,3235.51,100
27,09:58:26,3235.2,100
28,09:58:26,3235.02,100
29,09:58:26,3235.125,100
30,09:58:22,3234.885,100
31,09:58:22,3235.18,100
32,09:58:19,3234.14,100
33,09:58:12,3233.74,100
34,09:58:12,3233.71,100
35,09:58:04,3232.23,100
36,09:58:04,3232.23,168
37,09:58:04,3232.33,100
38,09:58:00,3234.09,100
39,09:57:54,3234.42,100
40,09:57:53,3234.42,100
41,09:57:53,3233.61,100
42,09:57:51,3233.65,100
43,09:57:51,3232.56,100
44,09:57:45,3232.4578,200
45,09:57:39,3232.035,100
46,09:57:39,3232.035,100
47,09:57:35,3231.42,100
48,09:57:29,3230.815,100
49,09:56:54,3228.92,100
50,09:56:54,3228.3668,100
51,09:56:36,3227.78,100
52,09:56:15,3229.02,100
53,09:56:14,3229.33,100
54,09:56:12,3229.81,500
55,09:56:11,3228.02,100
56,09:56:11,3227.93,100
57,09:56:10,3227.8,100
58,09:56:00,3226.13,100
59,09:55:51,3226.47,200
60,09:55:49,3227.01,100
61,09:55:46,3227.92,100
62,09:55:41,3228.42,100
63,09:55:31,3229.22,100
64,09:55:29,3228.76,400
65,09:55:29,3228.55,100
66,09:55:29,3228.59,100
67,09:55:24,3227.8,100
68,09:55:21,3228.268,500
69,09:55:19,3229.65,100
70,09:55:19,3228.67,100
71,09:55:19,3228.67,100
72,09:55:19,3228.15,100
73,09:55:16,3228.5378,150
74,09:55:15,3227.7648,125
75,09:55:09,3227.0,100
76,09:55:01,3226.49,116
77,09:54:59,3227.35,100
78,09:54:58,3227.45,100
79,09:54:58,3227.38,100
80,09:54:58,3227.38,100
81,09:54:58,3227.4,100
82,09:54:58,3227.6,100
83,09:54:43,3229.94,100
84,09:54:29,3229.42,100
85,09:54:29,3229.39,103
86,09:54:29,3229.3899,100
87,09:54:29,3229.3899,100
88,09:54:29,3229.3899,100
89,09:54:29,3229.39,100
90,09:54:29,3229.39,100
91,09:54:29,3229.39,100
92,09:54:29,3228.865,100
93,09:54:28,3229.38,100
94,09:54:28,3229.3693,110
95,09:54:28,3229.3693,126
96,09:54:28,3228.63,300
97,09:54:28,3228.54,100
98,09:54:19,3227.66,100
99,09:54:16,3228.43,100
100,09:54:13,3228.13,100
101,09:54:08,3228.14,121
102,09:54:08,3228.87,126
103,09:54:08,3228.17,100
104,09:54:08,3228.24,100
105,09:54:08,3228.14,227
106,09:54:08,3228.53,100
107,09:54:08,3228.97,100
108,09:54:07,3229.85,149
109,09:54:07,3229.75,500
110,09:53:58,3231.49,100
111,09:53:55,3231.142,500
112,09:53:51,3230.7495,100
113,09:53:49,3229.7013,300
114,09:53:47,3229.56,100
115,09:53:47,3229.56,100
116,09:53:47,3229.56,100
117,09:53:43,3230.0,100
118,09:53:43,3230.6,100
119,09:53:36,3232.03,100
120,09:53:15,3232.6,100
121,09:53:09,3231.45,100
122,09:53:04,3231.2816,149
123,09:53:03,3230.6101,500
124,09:53:03,3231.27,100
125,09:53:03,3231.27,100
126,09:53:02,3231.27,100
127,09:53:02,3231.8601,100
128,09:53:02,3232.395,100
129,09:53:00,3232.89,100
130,09:52:48,3232.417,200
131,09:52:35,3234.0,100
132,09:52:29,3235.0,100
133,09:52:29,3235.0,100
134,09:52:25,3234.48,100
135,09:52:21,3233.6371,1727
136,09:52:19,3234.26,200
137,09:52:19,3233.5601,100
138,09:52:19,3234.8142,223
139,09:52:18,3234.45,100
140,09:52:16,3233.745,500
141,09:52:16,3234.2651,118
142,09:52:14,3233.62,100
143,09:52:13,3233.5599,100
144,09:52:12,3232.77,311
145,09:52:09,3233.07,100
146,09:52:08,3230.595,100
147,09:52:06,3231.1479,200
148,09:52:05,3230.43,100
149,09:52:04,3230.43,100
150,09:52:02,3230.9286,100
151,09:52:02,3230.4,100
152,09:51:57,3231.42,100
153,09:51:53,3231.24,100
154,09:51:52,3231.52,300
155,09:51:52,3231.22,100
156,09:51:52,3231.57,100
157,09:51:48,3230.62,100
158,09:51:39,3232.56,100
159,09:51:39,3232.37,100
160,09:51:24,3229.75,100
161,09:51:23,3229.75,100
162,09:51:20,3230.435,250
163,09:51:17,3231.25,100
164,09:51:12,3231.83,100
165,09:51:10,3232.83,150
166,09:51:04,3232.45,100
167,09:50:53,3229.7503,100
168,09:50:51,3229.45,100
169,09:50:49,3229.03,100
170,09:50:46,3229.765,100
171,09:50:45,3229.1736,125
172,09:50:41,3230.01,100
173,09:50:40,3230.01,100
174,09:50:40,3230.01,100
175,09:50:40,3230.01,100
176,09:50:40,3230.03,100
177,09:50:35,3228.91,100
178,09:50:29,3227.6294,500
179,09:50:28,3227.43,198
180,09:50:23,3226.803,500
181,09:50:21,3227.36,100
182,09:50:18,3227.85,100
183,09:50:18,3228.06,100
184,09:50:09,3227.02,100
185,09:50:09,3226.24,200
186,09:50:09,3226.38,199
187,09:50:09,3226.54,100
188,09:50:09,3226.54,100
189,09:50:09,3226.54,100
190,09:50:09,3226.54,100
191,09:50:05,3225.825,300
192,09:50:02,3225.29,100
193,09:49:57,3225.97,500
194,09:49:56,3225.92,100
195,09:49:54,3225.647,150
196,09:49:52,3225.0,100
197,09:49:52,3225.0,100
198,09:49:52,3225.0,100
199,09:49:48,3225.12,100
200,09:49:45,3225.343,500
201,09:49:40,3225.45,100
202,09:49:40,3225.45,100
203,09:49:38,3227.0742,100
204,09:49:35,3227.11,100
205,09:49:35,3227.27,100
206,09:49:34,3226.755,100
207,09:49:33,3227.0,100
208,09:49:32,3227.6635,100
209,09:49:30,3227.95,500
210,09:49:29,3228.265,100
211,09:49:24,3228.1,100
212,09:49:21,3228.56,100
213,09:49:21,3228.56,100
214,09:49:19,3229.35,200
215,09:49:19,3229.35,104
216,09:49:19,3229.35,104
217,09:49:17,3229.35,100
218,09:49:17,3229.355,100
219,09:49:17,3229.355,100
220,09:49:17,3229.355,100
221,09:49:17,3229.35,100
222,09:49:17,3229.35,232
223,09:49:17,3229.35,200
224,09:49:17,3229.35,100
225,09:49:16,3229.44,100
226,09:49:16,3229.45,100
227,09:49:16,3228.55,100
228,09:49:13,3228.28,100
229,09:49:08,3228.11,100
230,09:49:08,3228.84,164
231,09:49:08,3228.82,100
232,09:49:08,3228.82,100
233,09:49:08,3228.6,100
234,09:49:08,3228.62,100
235,09:49:08,3228.75,100
236,09:49:08,3228.82,100
237,09:49:08,3228.82,100
238,09:49:06,3228.4,100
239,09:49:06,3228.09,100
240,09:49:06,3228.25,100
241,09:49:06,3228.405,100
242,09:49:06,3228.405,100
243,09:49:06,3228.405,100
244,09:49:06,3228.405,100
245,09:49:06,3228.405,100
246,09:49:06,3228.405,100
247,09:49:06,3228.4,100
248,09:49:06,3228.4,100
249,09:49:06,3228.4,100
250,09:49:06,3228.4,100
251,09:49:04,3227.65,100
252,09:49:03,3228.315,100
253,09:49:03,3227.39,100
254,09:49:03,3227.89,100
255,09:49:03,3228.17,100
256,09:49:03,3227.36,100
257,09:49:03,3227.36,100
258,09:49:03,3227.3599,100
259,09:49:02,3226.79,100
260,09:49:02,3226.7799,100
261,09:49:02,3226.7799,100
262,09:49:02,3226.7799,100
263,09:49:02,3226.78,100
264,09:49:02,3226.7799,100
265,09:49:02,3226.78,100
266,09:49:00,3225.485,100
267,09:49:00,3225.485,100
268,09:48:59,3225.2101,100
269,09:48:53,3225.1925,500
270,09:48:51,3226.21,146
271,09:48:48,3227.41,136
272,09:48:46,3226.15,100
273,09:48:43,3224.275,100
274,09:48:43,3223.9301,107
275,09:48:43,3224.982,100
276,09:48:43,3224.9,100
277,09:48:43,3224.94,100
278,09:48:43,3225.0,150
279,09:48:43,3225.0,100
280,09:48:43,3225.67,100
281,09:48:43,3225.2,100
282,09:48:43,3225.49,100
283,09:48:29,3226.73,500
284,09:48:25,3227.9108,101
285,09:48:23,3228.12,100
286,09:48:22,3229.27,100
287,09:48:20,3229.0,100
288,09:48:17,3228.4319,250
289,09:48:14,3228.31,200
290,09:48:13,3227.63,500
291,09:48:08,3227.07,100
292,09:48:07,3227.315,100
293,09:48:07,3227.1,120
294,09:48:07,3227.2834,364
295,09:47:52,3228.2,100
296,09:47:51,3228.06,100
297,09:47:50,3227.7332,100
298,09:47:44,3228.78,300
299,09:47:42,3228.99,100
300,09:47:42,3228.3201,110
301,09:47:41,3229.07,100
302,09:47:41,3229.07,100
303,09:47:41,3228.78,100
304,09:47:37,3228.29,100
305,09:47:36,3228.165,100
306,09:47:35,3227.84,132
307,09:47:35,3227.84,197
308,09:47:35,3227.98,100
309,09:47:35,3228.0,200
310,09:47:35,3227.83,100
311,09:47:35,3227.69,100
312,09:47:35,3227.47,100
313,09:47:35,3227.205,195
314,09:47:32,3226.03,100
315,09:47:30,3228.0,100
316,09:47:30,3228.0,100
317,09:47:30,3228.0,104
318,09:47:30,3228.0,100
319,09:47:30,3228.0,100
320,09:47:30,3228.545,244
321,09:47:29,3228.555,100
322,09:47:28,3229.0,100
323,09:47:26,3229.24,100
324,09:47:24,3229.94,264
325,09:47:24,3229.01,100
326,09:47:24,3229.56,100
327,09:47:24,3230.4,100
328,09:47:21,3231.9999,100
329,09:47:19,3231.54,100
330,09:47:17,3231.93,291
331,09:47:15,3231.745,100
332,09:47:14,3232.3,100
333,09:47:13,3232.0,147
334,09:47:12,3232.5,500
335,09:47:08,3235.42,100
336,09:47:05,3235.37,100
337,09:47:05,3235.42,100
338,09:47:04,3234.985,100
339,09:47:03,3234.55,100
340,09:47:01,3235.37,100
341,09:47:00,3234.815,215
342,09:46:59,3234.68,150
343,09:46:56,3234.03,100
344,09:46:52,3235.3,170
345,09:46:52,3235.29,100
346,09:46:29,3236.6714,500
347,09:46:22,3235.2001,900
348,09:46:18,3235.015,100
349,09:46:17,3234.318,100
350,09:46:17,3234.31,100
351,09:46:17,3234.3,100
352,09:46:17,3234.3,100
353,09:46:17,3234.54,100
354,09:46:17,3234.3,100
355,09:46:17,3234.3,100
356,09:46:17,3234.3,100
357,09:46:03,3235.03,500
358,09:45:55,3235.895,200
359,09:45:42,3235.57,185
360,09:45:29,3235.5,100
361,09:45:29,3235.6,100
362,09:45:29,3235.75,100
363,09:45:29,3236.0,100
364,09:45:15,3237.64,1500
365,09:45:11,3237.76,100
366,09:45:09,3237.9,100
367,09:45:06,3239.77,100
368,09:45:06,3239.81,100
369,09:45:06,3239.81,100
370,09:45:06,3239.23,500
371,09:45:05,3238.28,100
372,09:45:04,3238.0,100
373,09:45:00,3236.87,100
374,09:44:47,3237.38,100
375,09:44:46,3238.095,100
376,09:44:40,3235.75,100
377,09:44:38,3236.25,100
378,09:44:38,3236.11,100
379,09:44:25,3237.45,100
380,09:44:17,3237.0,100
381,09:44:14,3237.695,100
382,09:44:11,3236.9509,1000
383,09:44:10,3235.95,100
384,09:44:10,3236.02,100
385,09:44:06,3235.09,100
386,09:44:05,3234.2431,228
387,09:44:01,3235.41,500
388,09:44:00,3234.082,100
389,09:44:00,3234.04,100
390,09:43:57,3235.01,100
391,09:43:51,3235.6,240
392,09:43:45,3235.095,500
393,09:43:45,3234.795,100
394,09:43:42,3234.6,213
395,09:43:42,3234.6,100
396,09:43:41,3234.948,500
397,09:43:40,3234.36,200
398,09:43:35,3236.09,100
399,09:43:34,3235.55,100
400,09:43:31,3235.9768,100
401,09:43:29,3236.12,100
402,09:43:29,3236.0,180
403,09:43:29,3236.38,100
404,09:43:29,3236.26,100
405,09:43:28,3236.0901,900
406,09:43:27,3236.08,100
407,09:43:23,3237.0,100
408,09:43:23,3237.502,500
409,09:43:22,3237.3726,225
410,09:43:16,3237.37,500
411,09:43:15,3236.765,100
412,09:43:11,3237.96,100
413,09:43:09,3237.315,100
414,09:43:06,3236.9159,115
415,09:43:06,3238.03,100
416,09:43:06,3238.01,100
417,09:43:06,3238.8,100
418,09:43:06,3238.4,100
419,09:43:06,3238.8,100
420,09:43:06,3238.8,100
421,09:43:06,3238.8,100
422,09:43:06,3238.8,100
423,09:43:04,3238.8,100
424,09:43:04,3238.8,100
425,09:43:04,3238.7,100
426,09:42:58,3240.01,100
427,09:42:57,3240.1899,100
428,09:42:56,3239.94,200
429,09:42:56,3239.17,100
430,09:42:56,3239.69,100
431,09:42:56,3239.63,100
432,09:42:56,3239.39,100
433,09:42:56,3239.39,100
434,09:42:55,3240.0,100
435,09:42:54,3240.0,500
436,09:42:54,3240.01,363
437,09:42:54,3240.02,100
438,09:42:51,3241.04,100
439,09:42:49,3240.025,500
440,09:42:45,3241.48,500
441,09:42:44,3240.0,100
442,09:42:42,3240.92,100
443,09:42:31,3241.25,100
444,09:42:30,3241.72,100
445,09:42:25,3241.715,500
446,09:42:24,3242.33,100
447,09:42:24,3242.33,100
448,09:42:24,3242.34,100
449,09:42:22,3241.51,400
450,09:42:11,3240.96,100
451,09:42:11,3241.635,200
452,09:42:08,3240.47,100
453,09:42:07,3240.99,100
454,09:42:03,3240.12,100
455,09:42:03,3240.0,100
456,09:42:03,3240.12,100
457,09:41:57,3240.545,100
458,09:41:54,3241.4225,100
459,09:41:52,3242.23,100
460,09:41:52,3242.12,100
461,09:41:52,3241.6,100
462,09:41:48,3241.95,100
463,09:41:45,3242.025,100
464,09:41:45,3242.06,100
465,09:41:44,3243.3,500
466,09:41:44,3242.635,100
467,09:41:35,3241.08,500
468,09:41:34,3241.35,100
469,09:41:33,3241.43,100
470,09:41:28,3241.2,100
471,09:41:28,3241.57,500
472,09:41:20,3243.73,100
473,09:41:14,3243.14,102
474,09:41:14,3242.32,100
475,09:41:14,3243.14,100
476,09:41:09,3242.45,100
477,09:41:08,3242.865,100
478,09:41:07,3243.7089,210
479,09:41:07,3243.07,100
480,09:41:07,3243.29,100
481,09:41:06,3242.9776,100
482,09:40:58,3242.5929,163
483,09:40:50,3243.41,150
484,09:40:50,3243.22,100
485,09:40:50,3243.0,100
486,09:40:46,3243.47,100
487,09:40:46,3243.47,100
488,09:40:30,3245.1525,500
489,09:40:30,3245.97,100
490,09:40:30,3245.975,100
491,09:40:29,3246.4766,499
492,09:40:21,3246.83,100
493,09:40:18,3246.885,100
494,09:40:14,3246.04,100
495,09:40:11,3247.7,100
496,09:40:11,3247.7,200
497,09:40:11,3247.7,200
498,09:40:07,3245.15,100
499,09:40:01,3244.45,500
500,09:40:00,3244.79,100
501,09:40:00,3244.9,100
502,09:40:00,3245.0,100
503,09:39:49,3247.52,100
504,09:39:49,3247.64,100
505,09:39:49,3247.64,100
506,09:39:49,3247.93,100
507,09:39:46,3248.99,500
508,09:39:45,3248.9748,300
509,09:39:44,3248.0,100
510,09:39:42,3247.3307,100
511,09:39:32,3245.645,500
512,09:39:30,3245.0,100
513,09:39:30,3245.0,100
514,09:39:30,3246.0,100
515,09:39:28,3246.2323,500
516,09:39:27,3246.0,100
517,09:39:24,3246.84,200
518,09:39:22,3248.23,100
519,09:39:21,3247.345,200
520,09:39:13,3247.02,300
521,09:39:13,3247.02,200
522,09:39:13,3247.02,353
523,09:39:12,3247.02,400
524,09:39:12,3247.02,500
525,09:39:10,3246.7859,100
526,09:39:05,3246.97,100
527,09:38:57,3248.34,100
528,09:38:53,3248.25,100
529,09:38:51,3248.01,200
530,09:38:41,3246.795,120
531,09:38:35,3248.04,100
532,09:38:33,3246.77,100
533,09:38:30,3245.5,129
534,09:38:28,3245.75,100
535,09:38:28,3245.28,100
536,09:38:24,3245.4,100
537,09:38:21,3245.56,100
538,09:38:21,3245.91,100
539,09:38:20,3244.44,100
540,09:38:16,3245.33,100
541,09:38:16,3246.08,500
542,09:38:14,3245.38,200
543,09:38:11,3243.4556,100
544,09:38:10,3245.0739,100
545,09:38:10,3244.12,100
546,09:38:10,3243.84,292
547,09:38:09,3243.84,200
548,09:38:05,3243.161,100
549,09:38:03,3244.83,100
550,09:38:03,3244.4245,100
551,09:38:03,3245.5,900
552,09:38:03,3245.0,100
553,09:38:03,3245.0,100
554,09:38:03,3245.0,100
555,09:38:03,3245.0,144
556,09:38:00,3246.3801,500
557,09:37:59,3248.019,586
558,09:37:59,3246.45,100
559,09:37:59,3246.8,100
560,09:37:53,3249.006,100
561,09:37:52,3249.0116,500
562,09:37:52,3248.62,100
563,09:37:51,3250.8569,100
564,09:37:46,3249.14,100
565,09:37:45,3248.51,100
566,09:37:44,3247.755,500
567,09:37:43,3247.021,100
568,09:37:43,3248.49,100
569,09:37:43,3248.0,296
570,09:37:43,3248.22,100
571,09:37:39,3250.315,200
572,09:37:38,3250.38,100
573,09:37:36,3249.78,100
574,09:37:36,3250.99,100
575,09:37:28,3248.6579,100
576,09:37:26,3248.035,750
577,09:37:26,3248.714,150
578,09:37:26,3249.05,100
579,09:37:26,3248.5546,500
580,09:37:26,3248.47,197
581,09:37:25,3248.0,100
582,09:37:22,3247.57,100
583,09:37:19,3247.64,300
584,09:37:15,3247.545,100
585,09:37:09,3247.405,100
586,09:37:09,3248.0,100
587,09:37:09,3248.15,100
588,09:37:08,3249.065,103
589,09:37:08,3249.065,100
590,09:37:05,3248.4553,100
591,09:37:00,3249.73,100
592,09:36:59,3249.0,194
593,09:36:59,3249.04,100
594,09:36:59,3249.26,100
595,09:36:59,3249.25,200
596,09:36:52,3249.895,1000
597,09:36:49,3250.0463,100
598,09:36:49,3250.3,100
599,09:36:47,3250.02,100
600,09:36:47,3250.0,100
601,09:36:47,3249.7,100
602,09:36:46,3248.89,100
603,09:36:45,3248.77,100
604,09:36:45,3248.67,500
605,09:36:44,3249.31,100
606,09:36:44,3249.33,100
607,09:36:43,3249.99,100
608,09:36:43,3249.425,100
609,09:36:43,3248.93,145
610,09:36:43,3249.14,100
611,09:36:42,3248.93,100
612,09:36:42,3248.985,100
613,09:36:42,3249.2,100
614,09:36:42,3249.6423,144
615,09:36:41,3250.6879,307
616,09:36:41,3249.401,156
617,09:36:41,3249.418,100
618,09:36:41,3250.285,100
619,09:36:41,3250.02,100
620,09:36:41,3249.52,100
621,09:36:41,3249.5,100
622,09:36:41,3250.0,100
623,09:36:41,3250.0,200
624,09:36:41,3250.0,100
625,09:36:41,3250.0,100
626,09:36:41,3250.0,100
627,09:36:41,3250.0,100
628,09:36:41,3250.0,100
629,09:36:41,3250.03,100
630,09:36:41,3250.05,100
631,09:36:41,3251.0,100
632,09:36:41,3251.0,100
633,09:36:41,3251.54,100
634,09:36:41,3251.79,200
635,09:36:41,3251.54,100
636,09:36:40,3253.245,100
637,09:36:38,3252.7233,100
638,09:36:37,3253.3007,100
639,09:36:36,3252.0,100
640,09:36:36,3252.11,100
641,09:36:36,3252.35,100
642,09:36:33,3253.135,105
643,09:36:23,3254.39,100
644,09:36:23,3254.29,100
645,09:36:23,3254.23,100
646,09:36:19,3256.02,150
647,09:36:18,3256.085,200
648,09:36:14,3255.305,500
649,09:36:12,3254.76,110
650,09:36:12,3253.48,100
651,09:36:11,3253.41,100
652,09:36:10,3252.64,100
653,09:36:05,3254.22,100
654,09:36:03,3254.22,100
655,09:36:00,3255.73,100
656,09:35:54,3256.3631,200
657,09:35:54,3255.94,200
658,09:35:49,3254.3961,300
659,09:35:46,3256.17,500
660,09:35:38,3256.78,100
661,09:35:34,3259.005,300
662,09:35:33,3259.9999,100
663,09:35:25,3259.01,500
664,09:35:25,3259.015,200
665,09:35:21,3259.37,200
666,09:35:21,3259.37,200
667,09:35:21,3259.37,700
668,09:35:21,3259.37,700
669,09:35:18,3255.54,100
670,09:35:17,3257.16,100
671,09:35:16,3255.915,200
672,09:35:15,3255.63,100
673,09:35:15,3255.91,100
674,09:35:15,3255.91,254
675,09:35:15,3255.91,100
676,09:35:15,3255.53,100
677,09:35:15,3255.63,100
678,09:35:15,3255.64,100
679,09:35:15,3255.46,100
680,09:35:15,3255.64,100
681,09:35:15,3255.46,100
682,09:35:15,3255.46,100
683,09:35:15,3255.46,100
684,09:35:15,3255.46,100
685,09:35:15,3254.67,100
686,09:35:15,3254.92,100
687,09:35:14,3255.465,100
688,09:35:14,3255.465,100
689,09:35:13,3256.3116,100
690,09:35:12,3255.085,100
691,09:35:12,3255.085,100
692,09:35:12,3255.085,100
693,09:35:12,3255.085,100
694,09:35:11,3255.58,100
695,09:35:11,3255.65,100
696,09:35:11,3255.6405,500
697,09:35:10,3256.75,100
698,09:35:10,3255.0,100
699,09:35:10,3255.0,100
700,09:35:10,3255.0,112
701,09:35:10,3255.0,138
702,09:35:10,3255.4,100
703,09:35:10,3256.03,100
704,09:35:10,3255.8975,100
705,09:35:10,3256.1999,100
706,09:35:10,3255.6,100
707,09:35:10,3255.5,100
708,09:35:09,3255.53,100
709,09:35:09,3255.51,100
710,09:35:09,3255.51,100
711,09:35:09,3255.53,100
712,09:35:08,3255.9054,100
713,09:35:06,3256.225,100
714,09:35:05,3256.05,100
715,09:35:02,3257.88,500
716,09:35:02,3257.88,150
717,09:35:00,3257.04,100
718,09:34:58,3258.961,100
719,09:34:47,3258.905,100
720,09:34:47,3258.905,200
721,09:34:45,3260.0,500
722,09:34:45,3260.345,152
723,09:34:43,3260.355,100
724,09:34:43,3261.0,150
725,09:34:41,3259.43,100
726,09:34:37,3259.3799,100
727,09:34:26,3258.0,100
728,09:34:25,3258.81,400
729,09:34:24,3258.79,100
730,09:34:19,3259.0,100
731,09:34:19,3259.75,100
732,09:34:18,3259.225,100
733,09:34:13,3258.93,100
734,09:34:11,3258.5229,166
735,09:34:11,3258.5229,276
736,09:34:10,3257.6019,100
737,09:34:08,3256.71,100
738,09:34:07,3257.9749,100
739,09:34:07,3257.16,100
740,09:34:05,3257.58,100
741,09:34:05,3258.01,100
742,09:34:00,3259.8156,100
743,09:33:58,3259.693,100
744,09:33:56,3260.435,145
745,09:33:56,3260.435,100
746,09:33:56,3260.435,100
747,09:33:51,3258.58,300
748,09:33:46,3259.2348,291
749,09:33:46,3259.2348,595
750,09:33:41,3258.51,100
751,09:33:39,3259.7975,100
752,09:33:39,3259.7975,100
753,09:33:39,3259.775,100
754,09:33:39,3259.775,100
755,09:33:31,3260.4675,100
756,09:33:30,3260.365,100
757,09:33:30,3260.38,300
758,09:33:29,3261.375,100
759,09:33:29,3261.375,100
760,09:33:27,3261.9,100
761,09:33:27,3261.905,102
762,09:33:15,3258.9875,100
763,09:33:15,3258.9725,100
764,09:33:15,3259.3,100
765,09:33:15,3259.245,100
766,09:33:10,3259.55,100
767,09:33:09,3260.64,100
768,09:33:09,3260.64,100
769,09:33:09,3259.8,100
770,09:33:05,3259.7302,100
771,09:33:04,3260.0,400
772,09:33:03,3259.845,398
773,09:33:03,3260.2,100
774,09:33:03,3260.96,102
775,09:32:44,3265.465,100
776,09:32:44,3264.99,100
777,09:32:32,3262.0,100
778,09:32:32,3262.0,100
779,09:32:31,3262.0,100
780,09:32:20,3265.66,100
781,09:32:11,3267.2822,200
782,09:32:05,3265.51,100
783,09:32:05,3264.3,100
784,09:32:05,3265.4599,100
785,09:32:03,3265.0,100
786,09:31:59,3267.315,100
787,09:31:51,3267.25,107
788,09:31:48,3268.51,146
789,09:31:48,3268.395,100
790,09:31:45,3268.0785,100
791,09:31:44,3267.2169,106
792,09:31:39,3266.0,1248
793,09:31:33,3271.8999,100
794,09:31:25,3271.32,100
795,09:31:25,3271.585,100
796,09:31:25,3271.265,200
797,09:31:25,3272.73,100
798,09:31:24,3272.0125,100
799,09:31:24,3271.96,100
800,09:31:24,3271.945,100
801,09:31:18,3271.51,100
802,09:31:16,3267.1601,113
803,09:31:16,3268.758,477
804,09:31:15,3268.64,100
805,09:31:15,3268.525,100
806,09:31:12,3270.0,420
807,09:31:12,3270.0,190
808,09:31:12,3270.0,255
809,09:31:12,3270.0,100
810,09:31:12,3270.0,299
811,09:31:11,3270.645,200
812,09:31:10,3272.02,100
813,09:31:09,3272.594,100
814,09:31:09,3272.594,152
815,09:31:09,3272.594,100
816,09:31:09,3272.6119,100
817,09:31:09,3272.04,100
818,09:31:09,3272.04,100
819,09:31:09,3272.03,100
820,09:31:09,3272.02,152
821,09:30:55,3272.08,200
822,09:30:55,3273.11,100
823,09:30:55,3273.02,100
824,09:30:42,3273.575,5000
825,09:30:42,3273.7125,100
826,09:30:35,3274.49,100
827,09:30:35,3274.48,100
828,09:30:35,3275.35,109
829,09:30:24,3275.0,245
830,09:30:24,3275.0,2609
831,09:30:24,3275.0,440
832,09:30:24,3275.0,100
833,09:30:24,3275.0,100
834,09:30:24,3275.0,558
835,09:30:24,3275.0,100
836,09:30:24,3275.0,100
837,09:30:24,3275.0,100
838,09:30:24,3275.0,100
839,09:30:14,3276.67,687
840,09:30:12,3277.8309,100
841,09:30:06,3278.735,400
842,09:30:03,3278.17,100
843,09:30:02,3279.39,1
844,09:30:02,3279.39,3
845,09:30:02,3279.39,30
846,09:30:02,3279.39,9
847,09:30:02,3279.39,1
848,09:30:02,3279.39,3
849,09:30:02,3279.39,18
850,09:30:02,3279.39,14
851,09:30:02,3279.39,2
852,09:30:02,3279.39,1
853,09:30:02,3279.39,1
854,09:30:02,3279.39,1
855,09:30:02,3279.39,1
856,09:30:02,3279.39,10
857,09:30:02,3279.39,12
858,09:30:02,3279.39,1
859,09:30:02,3279.39,3
860,09:30:02,3279.39,2
861,09:30:02,3279.39,5
862,09:30:02,3279.39,11
863,09:30:02,3279.39,4
864,09:30:02,3279.39,4
865,09:30:02,3279.39,200
866,09:30:02,3279.39,1
867,09:30:02,3279.39,1
868,09:30:02,3279.39,1
869,09:30:02,3279.39,1
870,09:30:02,3279.39,1
871,09:30:02,3279.39,3
872,09:30:02,3279.39,1
873,09:30:02,3279.39,5
874,09:30:02,3279.39,1
875,09:30:02,3279.39,2
876,09:30:02,3279.39,2
877,09:30:02,3279.39,1
878,09:30:02,3279.39,1
879,09:30:02,3279.39,1
880,09:30:02,3279.39,2
881,09:30:02,3279.39,1
882,09:30:02,3279.39,1
883,09:30:02,3279.39,2
884,09:30:02,3279.39,5
885,09:30:02,3279.39,1
886,09:30:02,3279.39,5
887,09:30:02,3279.39,3
888,09:30:02,3279.39,5
889,09:30:02,3279.39,2
890,09:30:02,3279.39,2
891,09:30:02,3279.39,1
892,09:30:02,3279.39,5
893,09:30:02,3279.39,83
894,09:30:02,3279.39,63
895,09:30:02,3279.39,1
896,09:30:02,3279.39,1
897,09:30:02,3279.39,5
898,09:30:02,3279.39,1
899,09:30:02,3279.39,1
900,09:30:02,3279.39,1
901,09:30:02,3279.39,1
902,09:30:02,3279.39,1
903,09:30:02,3279.39,1
904,09:30:02,3279.39,1
905,09:30:02,3279.39,7
906,09:30:02,3279.39,1
907,09:30:02,3279.39,2
908,09:30:02,3279.39,3
909,09:30:02,3279.39,4
910,09:30:02,3279.39,5
911,09:30:02,3279.39,5
912,09:30:02,3279.39,1
913,09:30:02,3279.39,1
914,09:30:02,3279.39,1
915,09:30:02,3279.39,1
916,09:30:02,3279.39,2
917,09:30:02,3279.39,12
918,09:30:02,3279.39,1
919,09:30:02,3279.39,8
920,09:30:02,3279.39,20
921,09:30:02,3279.39,4
922,09:30:02,3279.39,8
923,09:30:02,3279.39,1
924,09:30:02,3279.39,5
925,09:30:02,3279.39,4
926,09:30:02,3279.39,1
927,09:30:02,3279.39,1
928,09:30:02,3279.39,1
929,09:30:02,3279.39,9
930,09:30:02,3279.39,1
931,09:30:02,3279.39,15
932,09:30:02,3279.39,4
933,09:30:02,3279.39,1
934,09:30:02,3279.39,1
935,09:30:02,3279.39,100
936,09:30:02,3279.39,8
937,09:30:02,3279.39,1
938,09:30:02,3279.39,1
939,09:30:02,3279.39,1
940,09:30:02,3279.39,10
941,09:30:02,3279.39,2
942,09:30:02,3279.39,9
943,09:30:02,3279.39,1
944,09:30:02,3279.39,2
945,09:30:02,3279.39,3
946,09:30:02,3279.39,1
947,09:30:02,3279.39,1
948,09:30:02,3279.39,1
949,09:30:02,3279.39,1
950,09:30:02,3279.39,1
951,09:30:02,3279.39,1
952,09:30:02,3279.39,1
953,09:30:02,3279.39,1
954,09:30:02,3279.39,1
955,09:30:02,3279.39,1
956,09:30:02,3279.39,1
957,09:30:02,3279.39,1
958,09:30:02,3279.39,1
959,09:30:02,3279.39,1
960,09:30:02,3279.39,1
961,09:30:02,3279.39,1
962,09:30:02,3279.39,1
963,09:30:02,3279.39,2
964,09:30:02,3279.39,1
965,09:30:02,3279.39,1
966,09:30:02,3279.39,1
967,09:30:02,3279.39,1
968,09:30:02,3279.39,1
969,09:30:02,3279.39,1
970,09:30:02,3279.39,1
971,09:30:02,3279.39,1
972,09:30:02,3279.39,1
973,09:30:02,3279.39,1
974,09:30:02,3279.39,1
975,09:30:02,3279.39,1
976,09:30:02,3279.39,1
977,09:30:02,3279.39,1
978,09:30:02,3279.39,1
979,09:30:02,3279.39,1
980,09:30:02,3279.39,1
981,09:30:02,3279.39,1
982,09:30:02,3279.39,6
983,09:30:02,3279.39,1
984,09:30:02,3279.39,1
985,09:30:02,3279.39,1
986,09:30:02,3279.39,1
987,09:30:02,3279.39,1
988,09:30:02,3279.39,1
989,09:30:02,3279.39,1
990,09:30:02,3279.39,1
991,09:30:02,3279.39,1
992,09:30:02,3279.39,1
993,09:30:02,3279.39,1
994,09:30:02,3279.39,1
995,09:30:02,3279.39,1
996,09:30:02,3279.39,1
997,09:30:02,3279.39,1
998,09:30:02,3279.39,1
999,09:30:02,3279.39,1
1000,09:30:02,3279.39,1
1001,09:30:02,3279.39,1
1002,09:30:02,3279.39,1
1003,09:30:02,3279.39,1
1004,09:30:02,3279.39,1
1005,09:30:02,3279.39,1
1006,09:30:02,3279.39,1
1007,09:30:02,3279.39,1
1008,09:30:02,3279.39,1
1009,09:30:02,3279.39,1
1010,09:30:02,3279.39,1
1011,09:30:02,3279.39,2
1012,09:30:02,3279.39,2
1013,09:30:02,3279.39,13
1014,09:30:02,3279.39,1
1015,09:30:02,3279.39,1
1016,09:30:02,3279.39,1
1017,09:30:02,3279.39,1
1018,09:30:02,3279.39,1
1019,09:30:02,3279.39,1
1020,09:30:02,3279.39,1
1021,09:30:02,3279.39,1
1022,09:30:02,3279.39,1
1023,09:30:02,3279.39,1
1024,09:30:02,3279.39,1
1025,09:30:02,3279.39,1
1026,09:30:02,3279.39,1
1027,09:30:02,3279.39,1
1028,09:30:02,3279.39,1
1029,09:30:02,3279.39,1
1030,09:30:02,3279.39,1
1031,09:30:02,3279.39,1
1032,09:30:02,3279.39,1
1033,09:30:02,3279.39,1
1034,09:30:02,3279.39,1
1035,09:30:02,3279.39,1
1036,09:30:02,3279.39,1
1037,09:30:02,3279.39,1
1038,09:30:02,3279.39,1
1039,09:30:02,3279.39,1
1040,09:30:02,3279.39,1
1041,09:30:02,3279.39,1
1042,09:30:02,3279.39,1
1043,09:30:02,3279.39,1
1044,09:30:02,3279.39,1
1045,09:30:02,3279.39,1
1046,09:30:02,3279.39,1
1047,09:30:02,3279.39,1
1048,09:30:02,3279.39,1
1049,09:30:02,3279.39,1
1050,09:30:02,3279.39,1
1051,09:30:02,3279.39,1
1052,09:30:02,3279.39,1
1053,09:30:02,3279.39,1
1054,09:30:02,3279.39,1
1055,09:30:02,3279.39,1
1056,09:30:02,3279.39,1
1057,09:30:02,3279.39,1
1058,09:30:02,3279.39,1
1059,09:30:02,3279.39,1
1060,09:30:02,3279.39,1
1061,09:30:02,3279.39,1
1062,09:30:02,3279.39,1
1063,09:30:02,3279.39,1
1064,09:30:02,3279.39,1
1065,09:30:02,3279.39,1
1066,09:30:02,3279.39,1
1067,09:30:02,3279.39,1
1068,09:30:02,3279.39,1
1069,09:30:02,3279.39,1
1070,09:30:02,3279.39,1
1071,09:30:02,3279.39,1
1072,09:30:02,3279.39,1
1073,09:30:02,3279.39,1
1074,09:30:02,3279.39,1
1075,09:30:02,3279.39,1
1076,09:30:02,3279.39,1
1077,09:30:02,3279.39,1
1078,09:30:02,3279.39,1
1079,09:30:02,3279.39,1
1080,09:30:02,3279.39,1
1081,09:30:02,3279.39,1
1082,09:30:02,3279.39,1
1083,09:30:02,3279.39,1
1084,09:30:02,3279.39,1
1085,09:30:02,3279.39,1
1086,09:30:02,3279.39,1
1087,09:30:02,3279.39,1
1088,09:30:02,3279.39,1
1089,09:30:02,3279.39,1
1090,09:30:02,3279.39,1
1091,09:30:02,3279.39,1
1092,09:30:02,3279.39,1
1093,09:30:02,3279.39,1
1094,09:30:02,3279.39,1
1095,09:30:02,3279.39,1
1096,09:30:02,3279.39,1
1097,09:30:02,3279.39,1
1098,09:30:02,3279.39,1
1099,09:30:02,3279.39,1
1100,09:30:02,3279.39,1
1101,09:30:02,3279.39,1
1102,09:30:02,3279.39,1
1103,09:30:02,3279.39,1
1104,09:30:02,3279.39,1
1105,09:30:02,3279.39,1
1106,09:30:02,3279.39,1
1107,09:30:02,3279.39,1
1108,09:30:02,3279.39,1
1109,09:30:02,3279.39,1
1110,09:30:02,3279.39,1
1111,09:30:02,3279.39,1
1112,09:30:02,3279.39,1
1113,09:30:02,3279.39,1
1114,09:30:02,3279.39,1
1115,09:30:02,3279.39,1
1116,09:30:02,3279.39,1
1117,09:30:02,3279.39,1
1118,09:30:02,3279.39,1
1119,09:30:02,3279.39,1
1120,09:30:02,3279.39,1
1121,09:30:02,3279.39,1
1122,09:30:02,3279.39,1
1123,09:30:02,3279.39,1
1124,09:30:02,3279.39,1
1125,09:30:02,3279.39,1
1126,09:30:02,3279.39,1
1127,09:30:02,3279.39,1
1128,09:30:02,3279.39,1
1129,09:30:02,3279.39,2
1130,09:30:02,3279.39,1
1131,09:30:02,3279.39,1
1132,09:30:02,3279.39,3
1133,09:30:02,3279.39,3
1134,09:30:02,3279.39,3
1135,09:30:02,3279.39,10
1136,09:30:02,3279.39,3
1137,09:30:02,3279.39,26
1138,09:30:02,3279.39,1
1139,09:30:02,3279.39,5
1140,09:30:02,3279.39,1
1141,09:30:02,3279.39,1
1142,09:30:02,3279.39,3
1143,09:30:02,3279.39,6
1144,09:30:02,3279.39,1
1145,09:30:02,3279.39,3
1146,09:30:02,3279.39,10
1147,09:30:02,3279.39,1
1148,09:30:02,3279.39,2
1149,09:30:02,3279.39,1
1150,09:30:02,3279.39,1
1151,09:30:02,3279.39,1
1152,09:30:02,3279.39,1
1153,09:30:02,3279.39,10
1154,09:30:02,3279.39,1
1155,09:30:02,3279.39,1
1156,09:30:02,3279.39,1
1157,09:30:02,3279.39,2
1158,09:30:02,3279.39,1
1159,09:30:02,3279.39,1
1160,09:30:02,3279.39,1
1161,09:30:02,3279.39,1
1162,09:30:02,3279.39,2
1163,09:30:02,3279.39,1
1164,09:30:02,3279.39,1
1165,09:30:02,3279.39,15
1166,09:30:02,3279.39,1
1167,09:30:02,3279.39,1
1168,09:30:02,3279.39,2
1169,09:30:02,3279.39,1
1170,09:30:02,3279.39,1
1171,09:30:02,3279.39,2
1172,09:30:02,3279.39,1
1173,09:30:02,3279.39,1
1174,09:30:02,3279.39,6
1175,09:30:02,3279.39,5
1176,09:30:02,3279.39,2
1177,09:30:02,3279.39,6
1178,09:30:02,3279.39,1
1179,09:30:02,3279.39,44
1180,09:30:02,3279.39,1
1181,09:30:02,3279.39,3
1182,09:30:02,3279.39,5
1183,09:30:02,3279.39,3
1184,09:30:02,3279.39,1
1185,09:30:02,3279.39,3
1186,09:30:02,3279.39,1
1187,09:30:02,3279.39,2
1188,09:30:02,3279.39,1
1189,09:30:02,3279.39,6
1190,09:30:02,3279.39,1
1191,09:30:02,3279.39,2
1192,09:30:02,3279.39,3
1193,09:30:02,3279.39,1
1194,09:30:02,3279.39,1
1195,09:30:02,3279.39,1
1196,09:30:02,3279.39,1
1197,09:30:02,3279.39,1
1198,09:30:02,3279.39,1
1199,09:30:02,3279.39,1
1200,09:30:02,3279.39,1
1201,09:30:02,3279.39,1
1202,09:30:02,3279.39,1
1203,09:30:02,3279.39,1
1204,09:30:02,3279.39,1
1205,09:30:02,3279.39,1
1206,09:30:02,3279.39,1
1207,09:30:02,3279.39,1
1208,09:30:02,3279.39,1
1209,09:30:02,3279.39,1
1210,09:30:02,3279.39,1
1211,09:30:02,3279.39,1
1212,09:30:02,3279.39,1
1213,09:30:02,3279.39,1
1214,09:30:02,3279.39,1
1215,09:30:02,3279.39,1
1216,09:30:02,3279.39,1
1217,09:30:02,3279.39,1
1218,09:30:02,3279.39,1
1219,09:30:02,3279.39,1
1220,09:30:02,3279.39,1
1221,09:30:02,3279.39,1
1222,09:30:02,3279.39,1
1223,09:30:02,3279.39,1
1224,09:30:02,3279.39,1
1225,09:30:02,3279.39,1
1226,09:30:02,3279.39,1
1227,09:30:02,3279.39,1
1228,09:30:02,3279.39,1
1229,09:30:02,3279.39,1
1230,09:30:02,3279.39,1
1231,09:30:02,3279.39,1
1232,09:30:02,3279.39,1
1233,09:30:02,3279.39,1
1234,09:30:02,3279.39,1
1235,09:30:02,3279.39,1
1236,09:30:02,3279.39,1
1237,09:30:02,3279.39,1
1238,09:30:02,3279.39,1
1239,09:30:02,3279.39,1
1240,09:30:02,3279.39,1
1241,09:30:02,3279.39,1
1242,09:30:02,3279.39,1
1243,09:30:02,3279.39,1
1244,09:30:02,3279.39,1
1245,09:30:02,3279.39,1
1246,09:30:02,3279.39,1
1247,09:30:02,3279.39,1
1248,09:30:02,3279.39,1
1249,09:30:02,3279.39,7
1250,09:30:02,3279.39,1
1251,09:30:02,3279.39,1
1252,09:30:02,3279.39,1
1253,09:30:02,3279.39,1
1254,09:30:02,3279.39,1
1255,09:30:02,3279.39,1
1256,09:30:02,3279.39,1
1257,09:30:02,3279.39,1
1258,09:30:02,3279.39,2
1259,09:30:02,3279.39,1
1260,09:30:02,3279.39,1
1261,09:30:02,3279.39,1
1262,09:30:02,3279.39,1
1263,09:30:02,3279.39,1
1264,09:30:02,3279.39,1
1265,09:30:02,3279.39,1
1266,09:30:02,3279.39,1
1267,09:30:02,3279.39,1
1268,09:30:02,3279.39,1
1269,09:30:02,3279.39,1
1270,09:30:02,3279.39,1
1271,09:30:02,3279.39,1
1272,09:30:02,3279.39,1
1273,09:30:02,3279.39,1
1274,09:30:02,3279.39,1
1275,09:30:02,3279.39,1
1276,09:30:02,3279.39,1
1277,09:30:02,3279.39,1
1278,09:30:02,3279.39,1
1279,09:30:02,3279.39,1
1280,09:30:02,3279.39,1
1281,09:30:02,3279.39,1
1282,09:30:02,3279.39,1
1283,09:30:02,3279.39,1
1284,09:30:02,3279.39,1
1285,09:30:02,3279.39,1
1286,09:30:02,3279.39,1
1287,09:30:02,3279.39,1
1288,09:30:02,3279.39,1
1289,09:30:02,3279.39,1
1290,09:30:02,3279.39,1
1291,09:30:02,3279.39,1
1292,09:30:02,3279.39,1
1293,09:30:02,3279.39,1
1294,09:30:02,3279.39,1
1295,09:30:02,3279.39,1
1296,09:30:02,3279.39,1
1297,09:30:02,3279.39,1
1298,09:30:02,3279.39,1
1299,09:30:02,3279.39,1
1300,09:30:02,3279.39,1
1301,09:30:02,3279.39,5
1302,09:30:02,3279.39,1
1303,09:30:02,3279.39,5
1304,09:30:02,3279.39,5
1305,09:30:02,3279.39,1
1306,09:30:02,3279.39,1
1307,09:30:02,3279.39,2
1308,09:30:02,3279.39,3
1309,09:30:02,3279.39,4
1310,09:30:02,3279.39,1
1311,09:30:02,3279.39,9
1312,09:30:02,3279.39,5
1313,09:30:02,3279.39,6
1314,09:30:02,3279.39,5
1315,09:30:02,3279.39,2
1316,09:30:02,3279.39,4
1317,09:30:02,3279.39,2
1318,09:30:02,3279.39,4
1319,09:30:02,3279.39,2
1320,09:30:02,3279.39,2
1321,09:30:02,3279.39,1
1322,09:30:02,3279.39,1
1323,09:30:02,3279.39,1
1324,09:30:02,3279.39,8
1325,09:30:02,3279.39,1
1326,09:30:02,3279.39,15
1327,09:30:02,3279.39,1
1328,09:30:02,3279.39,5
1329,09:30:02,3279.39,3
1330,09:30:02,3279.39,1
1331,09:30:02,3279.39,1
1332,09:30:02,3279.39,2
1333,09:30:02,3279.39,1
1334,09:30:02,3279.39,7
1335,09:30:02,3279.39,1
1336,09:30:02,3279.39,1
1337,09:30:02,3279.39,2
1338,09:30:02,3279.39,1
1339,09:30:02,3279.39,3
1340,09:30:02,3279.39,2
1341,09:30:02,3279.39,1
1342,09:30:02,3279.39,1
1343,09:30:02,3279.39,1
1344,09:30:02,3279.39,6
1345,09:30:02,3279.39,2
1346,09:30:02,3279.39,4
1347,09:30:02,3279.39,3
1348,09:30:02,3279.39,1
1349,09:30:02,3279.39,1
1350,09:30:02,3279.39,3
1351,09:30:02,3279.39,5
1352,09:30:02,3279.39,2
1353,09:30:02,3279.39,1
1354,09:30:02,3279.39,3
1355,09:30:02,3279.39,5
1356,09:30:02,3279.39,6
1357,09:30:02,3279.39,10
1358,09:30:02,3279.39,1
1359,09:30:02,3279.39,1
1360,09:30:02,3279.39,1
1361,09:30:02,3279.39,25
1362,09:30:02,3279.39,1
1363,09:30:02,3279.39,2
1364,09:30:02,3279.39,2
1365,09:30:02,3279.39,4
1366,09:30:02,3279.39,3
1367,09:30:02,3279.39,2
1368,09:30:02,3279.39,2
1369,09:30:02,3279.39,1
1370,09:30:02,3279.39,1
1371,09:30:02,3279.39,1
1372,09:30:02,3279.39,1
1373,09:30:02,3279.39,1
1374,09:30:02,3279.39,1
1375,09:30:02,3279.39,1
1376,09:30:02,3279.39,1
1377,09:30:02,3279.39,1
1378,09:30:02,3279.39,1
1379,09:30:02,3279.39,1
1380,09:30:02,3279.39,184
1381,09:30:02,3279.39,1
1382,09:30:02,3279.39,1
1383,09:30:02,3279.39,1
1384,09:30:02,3279.39,1
1385,09:30:02,3279.39,1
1386,09:30:02,3279.39,1
1387,09:30:02,3279.39,1
1388,09:30:02,3279.39,1
1389,09:30:02,3279.39,1
1390,09:30:02,3279.39,1
1391,09:30:02,3279.39,1
1392,09:30:02,3279.39,1
1393,09:30:02,3279.39,1
1394,09:30:02,3279.39,1
1395,09:30:02,3279.39,1
1396,09:30:02,3279.39,1
1397,09:30:02,3279.39,1
1398,09:30:02,3279.39,1
1399,09:30:02,3279.39,1
1400,09:30:02,3279.39,1
1401,09:30:02,3279.39,1
1402,09:30:02,3279.39,1
1403,09:30:02,3279.39,1
1404,09:30:02,3279.39,1
1405,09:30:02,3279.39,1
1406,09:30:02,3279.39,1
1407,09:30:02,3279.39,1
1408,09:30:02,3279.39,1
1409,09:30:02,3279.39,1
1410,09:30:02,3279.39,1
1411,09:30:02,3279.39,1
1412,09:30:02,3279.39,1
1413,09:30:02,3279.39,1
1414,09:30:02,3279.39,1
1415,09:30:02,3279.39,1
1416,09:30:02,3279.39,3
1417,09:30:02,3279.39,1
1418,09:30:02,3279.39,1
1419,09:30:02,3279.39,1
1420,09:30:02,3279.39,1
1421,09:30:02,3279.39,1
1422,09:30:02,3279.39,1
1423,09:30:02,3279.39,1
1424,09:30:02,3279.39,1
1425,09:30:02,3279.39,1
1426,09:30:02,3279.39,1
1427,09:30:02,3279.39,1
1428,09:30:02,3279.39,1
1429,09:30:02,3279.39,1
1430,09:30:02,3279.39,1
1431,09:30:02,3279.39,1
1432,09:30:02,3279.39,1
1433,09:30:02,3279.39,1
1434,09:30:02,3279.39,1
1435,09:30:02,3279.39,2
1436,09:30:02,3279.39,1
1437,09:30:02,3279.39,1
1438,09:30:02,3279.39,1
1439,09:30:02,3279.39,22
1440,09:30:02,3279.39,1
1441,09:30:02,3279.39,8
1442,09:30:02,3279.39,3
1443,09:30:02,3279.39,12
1444,09:30:02,3279.39,10
1445,09:30:02,3279.39,3
1446,09:30:02,3279.39,29
1447,09:30:02,3279.39,7
1448,09:30:02,3279.39,1
1449,09:30:02,3279.39,6
1450,09:30:02,3279.39,2
1451,09:30:02,3279.39,1
1452,09:30:02,3279.39,1
1453,09:30:02,3279.39,4
1454,09:30:02,3279.39,1
1455,09:30:02,3279.39,2
1456,09:30:02,3279.39,3
1457,09:30:02,3279.39,1
1458,09:30:02,3279.39,5
1459,09:30:02,3279.39,6
1460,09:30:02,3279.39,1
1461,09:30:02,3279.39,26
1462,09:30:02,3279.39,1
1463,09:30:02,3279.39,1
1464,09:30:02,3279.39,1
1465,09:30:02,3279.39,1
1466,09:30:02,3279.39,1
1467,09:30:02,3279.39,1
1468,09:30:02,3279.39,1
1469,09:30:02,3279.39,134
1470,09:30:02,3279.39,1
1471,09:30:02,3279.39,31
1472,09:30:02,3279.39,4
1473,09:30:02,3279.39,4
1474,09:30:02,3279.39,2
1475,09:30:02,3279.39,1
1476,09:30:02,3279.39,1
1477,09:30:02,3279.39,1
1478,09:30:02,3279.39,2
1479,09:30:02,3279.39,1
1480,09:30:02,3279.39,50
1481,09:30:02,3279.39,1
1482,09:30:02,3279.39,10
1483,09:30:02,3279.39,47
1484,09:30:02,3279.39,5
1485,09:30:02,3279.39,9
1486,09:30:02,3279.39,2
1487,09:30:02,3279.39,1
1488,09:30:02,3279.39,5
1489,09:30:02,3279.39,1
1490,09:30:02,3279.39,1
1491,09:30:02,3279.39,1
1492,09:30:02,3279.39,1
1493,09:30:02,3279.39,4
1494,09:30:02,3279.39,2
1495,09:30:02,3279.39,1
1496,09:30:02,3279.39,2
1497,09:30:02,3279.39,1
1498,09:30:02,3279.39,2
1499,09:30:02,3279.39,1
1500,09:30:02,3279.39,1
1501,09:30:02,3279.39,4
1502,09:30:02,3279.39,1
1503,09:30:02,3279.39,2
1504,09:30:02,3279.39,1
1505,09:30:02,3279.39,1
1506,09:30:02,3279.39,1
1507,09:30:02,3279.39,1
1508,09:30:02,3279.39,1
1509,09:30:02,3279.39,2
1510,09:30:02,3279.39,12
1511,09:30:02,3279.39,27
1512,09:30:02,3279.39,1
1513,09:30:02,3279.39,40
1514,09:30:02,3279.39,50
1515,09:30:02,3279.39,1
1516,09:30:02,3279.39,4
1517,09:30:02,3279.39,1
1518,09:30:02,3279.39,1
1519,09:30:02,3279.39,1
1520,09:30:02,3279.39,1
1521,09:30:02,3279.39,4
1522,09:30:02,3279.39,1
1523,09:30:02,3279.39,2
1524,09:30:02,3279.39,1
1525,09:30:02,3279.39,1
1526,09:30:02,3279.39,3
1527,09:30:02,3279.39,10
1528,09:30:02,3279.39,5
1529,09:30:02,3279.39,3
1530,09:30:02,3279.39,1
1531,09:30:02,3279.39,1
1532,09:30:02,3279.39,1
1533,09:30:02,3279.39,3
1534,09:30:02,3279.39,4
1535,09:30:02,3279.39,5
1536,09:30:02,3279.39,2
1537,09:30:02,3279.39,2
1538,09:30:02,3279.39,2
1539,09:30:02,3279.39,3
1540,09:30:02,3279.39,3
1541,09:30:02,3279.39,3
1542,09:30:02,3279.39,3
1543,09:30:02,3279.39,2
1544,09:30:02,3279.39,1
1545,09:30:02,3279.39,4
1546,09:30:02,3279.39,2
1547,09:30:02,3279.39,3
1548,09:30:02,3279.39,5
1549,09:30:02,3279.39,2
1550,09:30:02,3279.39,2
1551,09:30:02,3279.39,2
1552,09:30:02,3279.39,3
1553,09:30:02,3279.39,2
1554,09:30:02,3279.39,2
1555,09:30:02,3279.39,3
1556,09:30:02,3279.39,2
1557,09:30:02,3279.39,6
1558,09:30:02,3279.39,50
1559,09:30:02,3279.39,2
1560,09:30:02,3279.39,18
1561,09:30:02,3279.39,2
1562,09:30:02,3279.39,4
1563,09:30:02,3279.39,15
1564,09:30:02,3279.39,2
1565,09:30:02,3279.39,29
1566,09:30:02,3279.39,6
1567,09:30:02,3279.39,5
1568,09:30:02,3279.39,3
1569,09:30:02,3279.39,2
1570,09:30:02,3279.39,1
1571,09:30:02,3279.39,4
1572,09:30:02,3279.39,5
1573,09:30:02,3279.39,2
1574,09:30:02,3279.39,6
1575,09:30:02,3279.39,22
1576,09:30:02,3279.39,1
1577,09:30:02,3279.39,29
1578,09:30:02,3279.39,4
1579,09:30:02,3279.39,5
1580,09:30:02,3279.39,7
1581,09:30:02,3279.39,3
1582,09:30:02,3279.39,1
1583,09:30:02,3279.39,6
1584,09:30:02,3279.39,1
1585,09:30:02,3279.39,32
1586,09:30:02,3279.39,1
1587,09:30:02,3279.39,2
1588,09:30:02,3279.39,1
1589,09:30:02,3279.39,1
1590,09:30:02,3279.39,3
1591,09:30:02,3279.39,13
1592,09:30:02,3279.39,750
1593,09:30:02,3279.39,2
1594,09:30:02,3279.39,1
1595,09:30:02,3279.39,27
1596,09:30:02,3279.39,1
1597,09:30:02,3279.39,4
1598,09:30:02,3279.39,5
1599,09:30:02,3279.39,1
1600,09:30:02,3279.39,2
1601,09:30:02,3279.39,1
1602,09:30:02,3279.39,1
1603,09:30:02,3279.39,3
1604,09:30:02,3279.39,5
1605,09:30:02,3279.39,10
1606,09:30:02,3279.39,35
1607,09:30:02,3279.39,1
1608,09:30:02,3279.39,1
1609,09:30:02,3279.39,1
1610,09:30:02,3279.39,4
1611,09:30:02,3279.39,1
1612,09:30:02,3279.39,1
1613,09:30:02,3279.39,1
1614,09:30:02,3279.39,1
1615,09:30:02,3279.39,3
1616,09:30:02,3279.39,4
1617,09:30:02,3279.39,1
1618,09:30:02,3279.39,1
1619,09:30:02,3279.39,1
1620,09:30:02,3279.39,10
1621,09:30:02,3279.39,3
1622,09:30:02,3279.39,1
1623,09:30:02,3279.39,1
1624,09:30:02,3279.39,1
1625,09:30:02,3279.39,1
1626,09:30:02,3279.39,2
1627,09:30:02,3279.39,2
1628,09:30:02,3279.39,1
1629,09:30:02,3279.39,1
1630,09:30:02,3279.39,10
1631,09:30:02,3279.39,3
1632,09:30:02,3279.39,2
1633,09:30:02,3279.39,2
1634,09:30:02,3279.39,8
1635,09:30:02,3279.39,15
1636,09:30:02,3279.39,2
1637,09:30:02,3279.39,2
1638,09:30:02,3279.39,7
1639,09:30:02,3279.39,1
1640,09:30:02,3279.39,10
1641,09:30:02,3279.39,30
1642,09:30:02,3279.39,2
1643,09:30:02,3279.39,8
1644,09:30:02,3279.39,1
1645,09:30:02,3279.39,5
1646,09:30:02,3279.39,1
1647,09:30:02,3279.39,7
1648,09:30:02,3279.39,6
1649,09:30:02,3279.39,2
1650,09:30:02,3279.39,1
1651,09:30:02,3279.39,1
1652,09:30:02,3279.39,1
1653,09:30:02,3279.39,2
1654,09:30:02,3279.39,7
1655,09:30:02,3279.39,5
1656,09:30:02,3279.39,23
1657,09:30:02,3279.39,134
1658,09:30:02,3279.39,103
1659,09:30:02,3279.39,3
1660,09:30:02,3279.39,3
1661,09:30:02,3279.39,1
1662,09:30:02,3279.39,1
1663,09:30:02,3279.39,3
1664,09:30:02,3279.39,4
1665,09:30:02,3279.39,1
1666,09:30:02,3279.39,6
1667,09:30:02,3279.39,3
1668,09:30:02,3279.39,89
1669,09:30:02,3279.39,16
1670,09:30:02,3279.39,5
1671,09:30:02,3279.39,4
1672,09:30:02,3279.39,10
1673,09:30:02,3279.39,7
1674,09:30:02,3279.39,2
1675,09:30:02,3279.39,6
1676,09:30:02,3279.39,3
1677,09:30:02,3279.39,1
1678,09:30:02,3279.39,7
1679,09:30:02,3279.39,1
1680,09:30:02,3279.39,6
1681,09:30:02,3279.39,30
1682,09:30:02,3279.39,2
1683,09:30:02,3279.39,15
1684,09:30:02,3279.39,1
1685,09:30:02,3279.39,3
1686,09:30:02,3279.39,1
1687,09:30:02,3279.39,1
1688,09:30:02,3279.39,1
1689,09:30:02,3279.39,1
1690,09:30:02,3279.39,1
1691,09:30:02,3279.39,1
1692,09:30:02,3279.39,1
1693,09:30:02,3279.39,2
1694,09:30:02,3279.39,1
1695,09:30:02,3279.39,2
1696,09:30:02,3279.39,2
1697,09:30:02,3279.39,1
1698,09:30:02,3279.39,1
1699,09:30:02,3279.39,3
1700,09:30:02,3279.39,3
1701,09:30:02,3279.39,1
1702,09:30:02,3279.39,2
1703,09:30:02,3279.39,1
1704,09:30:02,3279.39,1
1705,09:30:02,3279.39,10
1706,09:30:02,3279.39,1
1707,09:30:02,3279.39,3
1708,09:30:02,3279.39,3
1709,09:30:02,3279.39,1
1710,09:30:02,3279.39,1
1711,09:30:02,3279.39,1
1712,09:30:02,3279.39,1
1713,09:30:02,3279.39,2
1714,09:30:02,3279.39,1
1715,09:30:02,3279.39,5
1716,09:30:02,3279.39,1
1717,09:30:02,3279.39,1
1718,09:30:02,3279.39,1
1719,09:30:02,3279.39,10
1720,09:30:02,3279.39,1
1721,09:30:02,3279.39,1
1722,09:30:02,3279.39,1
1723,09:30:02,3279.39,5
1724,09:30:02,3279.39,2
1725,09:30:02,3279.39,1
1726,09:30:02,3279.39,4
1727,09:30:02,3279.39,1
1728,09:30:02,3279.39,1
1729,09:30:02,3279.39,1
1730,09:30:02,3279.39,6
1731,09:30:02,3279.39,2
1732,09:30:02,3279.39,2
1733,09:30:02,3279.39,1
1734,09:30:02,3279.39,1
1735,09:30:02,3279.39,9
1736,09:30:02,3279.39,1
1737,09:30:02,3279.39,1
1738,09:30:02,3279.39,1
1739,09:30:02,3279.39,1
1740,09:30:02,3279.39,3
1741,09:30:02,3279.39,1
1742,09:30:02,3279.39,4
1743,09:30:02,3279.39,3
1744,09:30:02,3279.39,3
1745,09:30:02,3279.39,3
1746,09:30:02,3279.39,2
1747,09:30:02,3279.39,1
1748,09:30:02,3279.39,3
1749,09:30:02,3279.39,31
1750,09:30:02,3279.39,2
1751,09:30:02,3279.39,1
1752,09:30:02,3279.39,1
1753,09:30:02,3279.39,1
1754,09:30:02,3279.39,5
1755,09:30:02,3279.39,5
1756,09:30:02,3279.39,1
1757,09:30:02,3279.39,27
1758,09:30:02,3279.39,5
1759,09:30:02,3279.39,1
1760,09:30:02,3279.39,2
1761,09:30:02,3279.39,3
1762,09:30:02,3279.39,2
1763,09:30:02,3279.39,1
1764,09:30:02,3279.39,1
1765,09:30:02,3279.39,1
1766,09:30:02,3279.39,1
1767,09:30:02,3279.39,5
1768,09:30:02,3279.39,1
1769,09:30:02,3279.39,1
1770,09:30:02,3279.39,1
1771,09:30:02,3279.39,4
1772,09:30:02,3279.39,2000
1773,09:30:02,3279.39,1
1774,09:30:02,3279.39,1
1775,09:30:02,3279.39,3
1776,09:30:02,3279.39,2
1777,09:30:02,3279.39,1
1778,09:30:02,3279.39,1
1779,09:30:02,3279.39,3
1780,09:30:02,3279.39,3
1781,09:30:02,3279.39,2
1782,09:30:02,3279.39,1
1783,09:30:02,3279.39,1
1784,09:30:02,3279.39,3
1785,09:30:02,3279.39,3
1786,09:30:02,3279.39,1
1787,09:30:02,3279.39,1
1788,09:30:02,3279.39,1
1789,09:30:02,3279.39,1
1790,09:30:02,3279.39,1
1791,09:30:02,3279.39,1
1792,09:30:02,3279.39,1
1793,09:30:02,3279.39,1
1794,09:30:02,3279.39,1
1795,09:30:02,3279.39,1
1796,09:30:02,3279.39,1
1797,09:30:02,3279.39,1
1798,09:30:02,3279.39,1
1799,09:30:02,3279.39,3
1800,09:30:02,3279.39,1
1801,09:30:02,3279.39,1
1802,09:30:02,3279.39,1
1803,09:30:02,3279.39,3
1804,09:30:02,3279.39,4
1805,09:30:02,3279.39,1
1806,09:30:02,3279.39,1
1807,09:30:02,3279.39,3
1808,09:30:02,3279.39,3
1809,09:30:02,3279.39,11
1810,09:30:02,3279.39,1
1811,09:30:02,3279.39,1
1812,09:30:02,3279.39,2
1813,09:30:02,3279.39,1
1814,09:30:02,3279.39,1
1815,09:30:02,3279.39,2
1816,09:30:02,3279.39,13
1817,09:30:02,3279.39,297
1818,09:30:02,3279.39,1
1819,09:30:02,3279.39,22
1820,09:30:02,3279.39,4
1821,09:30:02,3279.39,10
1822,09:30:02,3279.39,1267
1823,09:30:02,3279.39,1
1824,09:30:02,3279.39,100
1825,09:30:02,3279.39,800
1826,09:30:02,3279.39,100
1827,09:30:02,3279.39,10
1828,09:30:02,3279.39,50
1829,09:30:02,3279.39,26
1830,09:30:02,3279.39,5
1831,09:30:02,3279.39,11
1832,09:30:02,3279.39,7
1833,09:30:02,3279.39,6
1834,09:30:02,3279.39,1
1835,09:30:02,3279.39,6
1836,09:30:02,3279.39,4
1837,09:30:02,3279.39,1
1838,09:30:02,3279.39,230
1839,09:30:02,3279.39,121
1840,09:30:02,3279.39,1
1841,09:30:02,3279.39,13
1842,09:30:02,3279.39,67
1843,09:30:02,3279.39,1
1844,09:30:02,3279.39,1
1845,09:30:02,3279.39,3
1846,09:30:02,3279.39,12
1847,09:30:02,3279.39,2
1848,09:30:02,3279.39,6
1849,09:30:02,3279.39,2
1850,09:30:02,3279.39,73
1851,09:30:02,3279.39,1
1852,09:30:02,3279.39,10
1853,09:30:02,3279.39,1
1854,09:30:02,3279.39,18
1855,09:30:02,3279.39,119
1856,09:30:02,3279.39,5
1857,09:30:02,3279.39,2
1858,09:30:02,3279.39,500
1859,09:30:02,3279.39,3
1860,09:30:02,3279.39,1
1861,09:30:02,3279.39,12
1862,09:30:02,3279.39,6
1863,09:30:02,3279.39,34
1864,09:30:02,3279.39,1
1865,09:30:02,3279.39,1
1866,09:30:02,3279.39,500
1867,09:30:02,3279.39,1
1868,09:30:02,3279.39,25
1869,09:30:02,3279.39,1
1870,09:30:02,3279.39,6
1871,09:30:02,3279.39,1
1872,09:30:02,3279.39,10
1873,09:30:02,3279.39,1
1874,09:30:02,3279.39,2
1875,09:30:02,3279.39,8
1876,09:30:02,3279.39,1
1877,09:30:02,3279.39,1
1878,09:30:02,3279.39,36
1879,09:30:02,3279.39,60
1880,09:30:02,3279.39,2
1881,09:30:02,3279.39,6
1882,09:30:02,3279.39,200
1883,09:30:02,3279.39,12
1884,09:30:02,3279.39,50
1885,09:30:02,3279.39,1
1886,09:30:02,3279.39,30
1887,09:30:02,3279.39,2
1888,09:30:02,3279.39,1
1889,09:30:02,3279.39,2
1890,09:30:02,3279.39,2
1891,09:30:02,3279.39,1
1892,09:30:02,3279.39,151
1893,09:30:02,3279.39,28
1894,09:30:02,3279.39,5
1895,09:30:02,3279.39,10
1896,09:30:02,3279.39,241
1897,09:30:02,3279.39,76
1898,09:30:02,3279.39,1
1899,09:30:02,3279.39,3
1900,09:30:02,3279.39,1
1901,09:30:02,3279.39,25
1902,09:30:02,3279.39,1
1903,09:30:02,3279.39,200
1904,09:30:02,3279.39,1
1905,09:30:02,3279.39,6
1906,09:30:02,3279.39,400
1907,09:30:02,3279.39,1
1908,09:30:02,3279.39,1
1909,09:30:02,3279.39,2
1910,09:30:02,3279.39,4
1911,09:30:02,3279.39,73
1912,09:30:02,3279.39,10
1913,09:30:02,3279.39,36
1914,09:30:02,3279.39,40
1915,09:30:02,3279.39,32
1916,09:30:02,3279.39,59
1917,09:30:02,3279.39,21
1918,09:30:02,3279.39,1
1919,09:30:02,3279.39,616
1920,09:30:02,3279.39,2
1921,09:30:02,3279.39,7
1922,09:30:02,3279.39,5
1923,09:30:02,3279.39,3
1924,09:30:02,3279.39,120
1925,09:30:02,3279.39,1
1926,09:30:02,3279.39,12
1927,09:30:02,3279.39,5
1928,09:30:02,3279.39,400
1929,09:30:02,3279.39,1
1930,09:30:02,3279.39,103
1931,09:30:02,3279.39,800
1932,09:30:02,3279.39,10
1933,09:30:02,3279.39,3
1934,09:30:02,3279.39,9
1935,09:30:02,3279.39,5
1936,09:30:02,3279.39,16
1937,09:30:02,3279.39,10
1938,09:30:02,3279.39,4
1939,09:30:02,3279.39,85
1940,09:30:02,3279.39,67
1941,09:30:02,3279.39,2
1942,09:30:02,3279.39,1
1943,09:30:02,3279.39,1
1944,09:30:02,3279.39,10
1945,09:30:02,3279.39,2
1946,09:30:02,3279.39,1
1947,09:30:02,3279.39,30
1948,09:30:02,3279.39,1
1949,09:30:02,3279.39,1
1950,09:30:02,3279.39,2
1951,09:30:02,3279.39,1
1952,09:30:02,3279.39,4
1953,09:30:02,3279.39,1
1954,09:30:02,3279.39,1
1955,09:30:02,3279.39,5
1956,09:30:02,3279.39,6
1957,09:30:02,3279.39,1
1958,09:30:02,3279.39,1
1959,09:30:02,3279.39,12
1960,09:30:02,3279.39,1
1961,09:30:02,3279.39,3
1962,09:30:02,3279.39,11
1963,09:30:02,3279.39,2
1964,09:30:02,3279.39,4
1965,09:30:02,3279.39,101
1966,09:30:02,3279.39,25
1967,09:30:02,3279.39,100
1968,09:30:02,3279.39,3
1969,09:30:02,3279.39,76
1970,09:30:02,3279.39,2
1971,09:30:02,3279.39,1
1972,09:30:02,3279.39,108
1973,09:30:02,3279.39,26
1974,09:30:02,3279.39,20
1975,09:30:02,3279.39,50
1976,09:30:02,3279.39,1
1977,09:30:02,3279.39,6
1978,09:30:02,3279.39,1
1979,09:30:02,3279.39,1
1980,09:30:02,3279.39,44
1981,09:30:02,3279.39,5
1982,09:30:02,3279.39,1
1983,09:30:02,3279.39,9
1984,09:30:02,3279.39,1
1985,09:30:02,3279.39,1
1986,09:30:02,3279.39,10
1987,09:30:02,3279.39,3
1988,09:30:02,3279.39,1
1989,09:30:02,3279.39,2
1990,09:30:02,3279.39,1
1991,09:30:02,3279.39,1
1992,09:30:02,3279.39,3
1993,09:30:02,3279.39,1
1994,09:30:02,3279.39,5
1995,09:30:02,3279.39,1
1996,09:30:02,3279.39,1
1997,09:30:02,3279.39,1
1998,09:30:02,3279.39,1
1999,09:30:02,3279.39,5
2000,09:30:02,3279.39,21
2001,09:30:02,3279.39,1
2002,09:30:02,3279.39,1
2003,09:30:02,3279.39,3
2004,09:30:02,3279.39,30
2005,09:30:02,3279.39,1
2006,09:30:02,3279.39,17
2007,09:30:02,3279.39,1
2008,09:30:02,3279.39,2
2009,09:30:02,3279.39,2
2010,09:30:02,3279.39,12
2011,09:30:02,3279.39,1
2012,09:30:02,3279.39,1
2013,09:30:02,3279.39,15
2014,09:30:02,3279.39,30
2015,09:30:02,3279.39,1
2016,09:30:02,3279.39,1
2017,09:30:02,3279.39,6
2018,09:30:02,3279.39,3
2019,09:30:02,3279.39,20
2020,09:30:02,3279.39,1
2021,09:30:02,3279.39,1
2022,09:30:02,3279.39,20
2023,09:30:02,3279.39,3
2024,09:30:02,3279.39,1
2025,09:30:02,3279.39,1
2026,09:30:02,3279.39,2
2027,09:30:02,3279.39,2
2028,09:30:02,3279.39,4
2029,09:30:02,3279.39,20
2030,09:30:02,3279.39,1
2031,09:30:02,3279.39,2
2032,09:30:02,3279.39,5
2033,09:30:02,3279.39,3
2034,09:30:02,3279.39,1
2035,09:30:02,3279.39,1
2036,09:30:02,3279.39,1
2037,09:30:02,3279.39,1
2038,09:30:02,3279.39,1
2039,09:30:02,3279.39,1
2040,09:30:02,3279.39,10
2041,09:30:02,3279.39,1
2042,09:30:02,3279.39,3
2043,09:30:02,3279.39,4
2044,09:30:02,3279.39,4
2045,09:30:02,3279.39,15
2046,09:30:02,3279.39,3
2047,09:30:02,3279.39,1
2048,09:30:02,3279.39,5
2049,09:30:02,3279.39,5
2050,09:30:02,3279.39,1
2051,09:30:02,3279.39,5
2052,09:30:02,3279.39,1
2053,09:30:02,3279.39,1
2054,09:30:02,3279.39,5
2055,09:30:02,3279.39,1
2056,09:30:02,3279.39,3
2057,09:30:02,3279.39,3
2058,09:30:02,3279.39,1
2059,09:30:02,3279.39,10
2060,09:30:02,3279.39,2
2061,09:30:02,3279.39,1
2062,09:30:02,3279.39,10
2063,09:30:02,3279.39,6
2064,09:30:02,3279.39,3
2065,09:30:02,3279.39,4
2066,09:30:02,3279.39,20
2067,09:30:02,3279.39,1
2068,09:30:02,3279.39,1
2069,09:30:02,3279.39,1
2070,09:30:02,3279.39,1
2071,09:30:02,3279.39,1
2072,09:30:02,3279.39,2
2073,09:30:02,3279.39,1
2074,09:30:02,3279.39,2
2075,09:30:02,3279.39,1
2076,09:30:02,3279.39,1
2077,09:30:02,3279.39,1
2078,09:30:02,3279.39,4
2079,09:30:02,3279.39,5
2080,09:30:02,3279.39,10
2081,09:30:02,3279.39,3
2082,09:30:02,3279.39,2
2083,09:30:02,3279.39,5
2084,09:30:02,3279.39,2
2085,09:30:02,3279.39,1
2086,09:30:02,3279.39,3
2087,09:30:02,3279.39,1
2088,09:30:02,3279.39,1
2089,09:30:02,3279.39,2
2090,09:30:02,3279.39,20
2091,09:30:02,3279.39,1
2092,09:30:02,3279.39,2
2093,09:30:02,3279.39,4
2094,09:30:02,3279.39,1
2095,09:30:02,3279.39,11
2096,09:30:02,3279.39,1
2097,09:30:02,3279.39,1
2098,09:30:02,3279.39,1
2099,09:30:02,3279.39,1
2100,09:30:02,3279.39,1
2101,09:30:02,3279.39,3
2102,09:30:02,3279.39,5
2103,09:30:02,3279.39,6
2104,09:30:02,3279.39,3
2105,09:30:02,3279.39,1
2106,09:30:02,3279.39,2
2107,09:30:02,3279.39,12
2108,09:30:02,3279.39,40
2109,09:30:02,3279.39,22
2110,09:30:02,3279.39,22
2111,09:30:02,3279.39,1
2112,09:30:02,3279.39,1
2113,09:30:02,3279.39,1
2114,09:30:02,3279.39,11
2115,09:30:02,3279.39,3
2116,09:30:02,3279.39,1
2117,09:30:02,3279.39,1
2118,09:30:02,3279.39,35
2119,09:30:02,3279.39,1
2120,09:30:02,3279.39,1
2121,09:30:02,3279.39,1
2122,09:30:02,3279.39,1
2123,09:30:02,3279.39,1
2124,09:30:02,3279.39,45
2125,09:30:02,3279.39,91
2126,09:30:02,3279.39,1
2127,09:30:02,3279.39,1
2128,09:30:02,3279.39,20
2129,09:30:02,3279.39,1
2130,09:30:02,3279.39,1
2131,09:30:02,3279.39,38
2132,09:30:02,3279.39,1
2133,09:30:02,3279.39,1
2134,09:30:02,3279.39,3
2135,09:30:02,3279.39,1
2136,09:30:02,3279.39,1
2137,09:30:02,3279.39,1
2138,09:30:02,3279.39,1
2139,09:30:02,3279.39,3
2140,09:30:02,3279.39,3
2141,09:30:02,3279.39,1
2142,09:30:02,3279.39,5
2143,09:30:02,3279.39,1
2144,09:30:02,3279.39,4
2145,09:30:02,3279.39,25
2146,09:30:02,3279.39,8
2147,09:30:02,3279.39,13
2148,09:30:02,3279.39,10
2149,09:30:02,3279.39,2
2150,09:30:02,3279.39,4
2151,09:30:02,3279.39,3
2152,09:30:02,3279.39,6
2153,09:30:02,3279.39,1
2154,09:30:02,3279.39,3
2155,09:30:02,3279.39,3
2156,09:30:02,3279.39,1
2157,09:30:02,3279.39,1
2158,09:30:02,3279.39,3
2159,09:30:02,3279.39,4
2160,09:30:02,3279.39,1
2161,09:30:02,3279.39,3
2162,09:30:02,3279.39,3
2163,09:30:02,3279.39,1
2164,09:30:02,3279.39,1
2165,09:30:02,3279.39,1
2166,09:30:02,3279.39,1
2167,09:30:02,3279.39,1
2168,09:30:02,3279.39,4
2169,09:30:02,3279.39,1
2170,09:30:02,3279.39,2
2171,09:30:02,3279.39,2
2172,09:30:02,3279.39,16
2173,09:30:02,3279.39,1
2174,09:30:02,3279.39,1
2175,09:30:02,3279.39,2
2176,09:30:02,3279.39,3
2177,09:30:02,3279.39,1
2178,09:30:02,3279.39,6
2179,09:30:02,3279.39,67
2180,09:30:02,3279.39,6
2181,09:30:02,3279.39,2
2182,09:30:02,3279.39,1
2183,09:30:02,3279.39,2
2184,09:30:02,3279.39,1
2185,09:30:02,3279.39,5
2186,09:30:02,3279.39,3
2187,09:30:02,3279.39,5
2188,09:30:02,3279.39,30
2189,09:30:02,3279.39,3
2190,09:30:02,3279.39,4
2191,09:30:02,3279.39,3
2192,09:30:02,3279.39,3
2193,09:30:02,3279.39,3
2194,09:30:02,3279.39,2
2195,09:30:02,3279.39,1
2196,09:30:02,3279.39,14
2197,09:30:02,3279.39,1
2198,09:30:02,3279.39,1
2199,09:30:02,3279.39,1
2200,09:30:02,3279.39,1
2201,09:30:02,3279.39,4
2202,09:30:02,3279.39,5
2203,09:30:02,3279.39,2
2204,09:30:02,3279.39,1
2205,09:30:02,3279.39,8
2206,09:30:02,3279.39,3
2207,09:30:02,3279.39,1
2208,09:30:02,3279.39,2
2209,09:30:02,3279.39,3
2210,09:30:02,3279.39,6
2211,09:30:02,3279.39,1
2212,09:30:02,3279.39,3
2213,09:30:02,3279.39,1
2214,09:30:02,3279.39,22
2215,09:30:02,3279.39,5
2216,09:30:02,3279.39,1
2217,09:30:02,3279.39,2
2218,09:30:02,3279.39,2
2219,09:30:02,3279.39,1
2220,09:30:02,3279.39,1
2221,09:30:02,3279.39,1
2222,09:30:02,3279.39,1
2223,09:30:02,3279.39,15
2224,09:30:02,3279.39,1
2225,09:30:02,3279.39,1
2226,09:30:02,3279.39,1
2227,09:30:02,3279.39,1
2228,09:30:02,3279.39,1
2229,09:30:02,3279.39,1
2230,09:30:02,3279.39,18
2231,09:30:02,3279.39,12
2232,09:30:02,3279.39,1
2233,09:30:02,3279.39,12
2234,09:30:02,3279.39,2
2235,09:30:02,3279.39,1
2236,09:30:02,3279.39,3
2237,09:30:02,3279.39,1
2238,09:30:02,3279.39,1
2239,09:30:02,3279.39,1
2240,09:30:02,3279.39,1
2241,09:30:02,3279.39,1
2242,09:30:02,3279.39,1
2243,09:30:02,3279.39,1
2244,09:30:02,3279.39,1
2245,09:30:02,3279.39,1
2246,09:30:02,3279.39,1
2247,09:30:02,3279.39,10
2248,09:30:02,3279.39,1
2249,09:30:02,3279.39,1
2250,09:30:02,3279.39,1
2251,09:30:02,3279.39,1
2252,09:30:02,3279.39,10
2253,09:30:02,3279.39,1
2254,09:30:02,3279.39,1
2255,09:30:02,3279.39,6
2256,09:30:02,3279.39,1
2257,09:30:02,3279.39,1
2258,09:30:02,3279.39,1
2259,09:30:02,3279.39,16
2260,09:30:02,3279.39,15
2261,09:30:02,3279.39,10
2262,09:30:02,3279.39,1
2263,09:30:02,3279.39,7
2264,09:30:02,3279.39,1
2265,09:30:02,3279.39,220
2266,09:30:02,3279.39,5
2267,09:30:02,3279.39,1
2268,09:30:02,3279.39,2
2269,09:30:02,3279.39,1
2270,09:30:02,3279.39,4
2271,09:30:02,3279.39,15
2272,09:30:02,3279.39,11
2273,09:30:02,3279.39,21
2274,09:30:02,3279.39,1
2275,09:30:02,3279.39,1
2276,09:30:02,3279.39,4
2277,09:30:02,3279.39,4
2278,09:30:02,3279.39,7
2279,09:30:02,3279.39,10
2280,09:30:02,3279.39,155
2281,09:30:02,3279.39,1
2282,09:30:02,3279.39,189
2283,09:30:02,3279.39,5
2284,09:30:02,3279.39,1
2285,09:30:02,3279.39,1
2286,09:30:02,3279.39,1
2287,09:30:02,3279.39,1
2288,09:30:02,3279.39,6
2289,09:30:02,3279.39,10
2290,09:30:02,3279.39,1
2291,09:30:02,3279.39,2
2292,09:30:02,3279.39,5
2293,09:30:02,3279.39,2
2294,09:30:02,3279.39,1
2295,09:30:02,3279.39,2
2296,09:30:02,3279.39,1
2297,09:30:02,3279.39,1
2298,09:30:02,3279.39,2
2299,09:30:02,3279.39,2
2300,09:30:02,3279.39,1
2301,09:30:02,3279.39,1
2302,09:30:02,3279.39,2
2303,09:30:02,3279.39,1
2304,09:30:02,3279.39,1
2305,09:30:02,3279.39,4
2306,09:30:02,3279.39,2
2307,09:30:02,3279.39,2
2308,09:30:02,3279.39,1
2309,09:30:02,3279.39,2
2310,09:30:02,3279.39,5
2311,09:30:02,3279.39,1
2312,09:30:02,3279.39,1
2313,09:30:02,3279.39,2
2314,09:30:02,3279.39,3
2315,09:30:02,3279.39,1
2316,09:30:02,3279.39,3
2317,09:30:02,3279.39,1
2318,09:30:02,3279.39,1
2319,09:30:02,3279.39,4
2320,09:30:02,3279.39,1
2321,09:30:02,3279.39,1
2322,09:30:02,3279.39,1
2323,09:30:02,3279.39,1
2324,09:30:02,3279.39,5
2325,09:30:02,3279.39,5
2326,09:30:02,3279.39,1
2327,09:30:02,3279.39,3
2328,09:30:02,3279.39,1
2329,09:30:02,3279.39,5
2330,09:30:02,3279.39,2
2331,09:30:02,3279.39,1
2332,09:30:02,3279.39,10
2333,09:30:02,3279.39,1
2334,09:30:02,3279.39,2
2335,09:30:02,3279.39,2
2336,09:30:02,3279.39,1
2337,09:30:02,3279.39,4
2338,09:30:02,3279.39,3
2339,09:30:02,3279.39,5
2340,09:30:02,3279.39,1
2341,09:30:02,3279.39,9
2342,09:30:02,3279.39,1
2343,09:30:02,3279.39,1
2344,09:30:02,3279.39,6
2345,09:30:02,3279.39,1
2346,09:30:02,3279.39,2
2347,09:30:02,3279.39,4
2348,09:30:02,3279.39,1
2349,09:30:02,3279.39,1
2350,09:30:02,3279.39,2
2351,09:30:02,3279.39,30
2352,09:30:02,3279.39,1
2353,09:30:02,3279.39,1
2354,09:30:02,3279.39,3
2355,09:30:02,3279.39,2
2356,09:30:02,3279.39,1
2357,09:30:02,3279.39,10
2358,09:30:02,3279.39,3
2359,09:30:02,3279.39,5
2360,09:30:02,3279.39,2
2361,09:30:02,3279.39,1
2362,09:30:02,3279.39,3
2363,09:30:02,3279.39,4
2364,09:30:02,3279.39,3
2365,09:30:02,3279.39,1
2366,09:30:02,3279.39,1
2367,09:30:02,3279.39,1
2368,09:30:02,3279.39,1
2369,09:30:02,3279.39,69
2370,09:30:02,3279.39,1
2371,09:30:02,3279.39,3
2372,09:30:02,3279.39,68
2373,09:30:02,3279.39,200
2374,09:30:02,3279.39,1
2375,09:30:02,3279.39,9
2376,09:30:02,3279.39,1
2377,09:30:02,3279.39,10
2378,09:30:02,3279.39,1
2379,09:30:02,3279.39,1
2380,09:30:02,3279.39,5
2381,09:30:02,3279.39,1
2382,09:30:02,3279.39,5
2383,09:30:02,3279.39,5
2384,09:30:02,3279.39,1
2385,09:30:02,3279.39,1
2386,09:30:02,3279.39,5
2387,09:30:02,3279.39,10
2388,09:30:02,3279.39,1
2389,09:30:02,3279.39,1
2390,09:30:02,3279.39,5
2391,09:30:02,3279.39,3
2392,09:30:02,3279.39,5
2393,09:30:02,3279.39,2
2394,09:30:02,3279.39,1
2395,09:30:02,3279.39,1
2396,09:30:02,3279.39,2
2397,09:30:02,3279.39,4
2398,09:30:02,3279.39,40
2399,09:30:02,3279.39,3
2400,09:30:02,3279.39,3
2401,09:30:02,3279.39,9
2402,09:30:02,3279.39,44
2403,09:30:02,3279.39,3
2404,09:30:02,3279.39,1
2405,09:30:02,3279.39,1
2406,09:30:02,3279.39,6
2407,09:30:02,3279.39,40
2408,09:30:02,3279.39,2
2409,09:30:02,3279.39,35
2410,09:30:02,3279.39,1
2411,09:30:02,3279.39,1
2412,09:30:02,3279.39,6
2413,09:30:02,3279.39,1
2414,09:30:02,3279.39,1
2415,09:30:02,3279.39,1
2416,09:30:02,3279.39,11
2417,09:30:02,3279.39,1
2418,09:30:02,3279.39,1
2419,09:30:02,3279.39,1
2420,09:30:02,3279.39,1
2421,09:30:02,3279.39,2
2422,09:30:02,3279.39,33
2423,09:30:02,3279.39,2
2424,09:30:02,3279.39,1
2425,09:30:02,3279.39,4
2426,09:30:02,3279.39,1
2427,09:30:02,3279.39,1
2428,09:30:02,3279.39,1
2429,09:30:02,3279.39,1
2430,09:30:02,3279.39,1
2431,09:30:02,3279.39,3
2432,09:30:02,3279.39,3
2433,09:30:02,3279.39,10
2434,09:30:02,3279.39,3
2435,09:30:02,3279.39,10
2436,09:30:02,3279.39,1
2437,09:30:02,3279.39,1
2438,09:30:02,3279.39,60
2439,09:30:02,3279.39,2
2440,09:30:02,3279.39,5
2441,09:30:02,3279.39,1
2442,09:30:02,3279.39,1
2443,09:30:02,3279.39,1
2444,09:30:02,3279.39,3
2445,09:30:02,3279.39,68
2446,09:30:02,3279.39,1
2447,09:30:02,3279.39,5
2448,09:30:02,3279.39,5
2449,09:30:02,3279.39,69
2450,09:30:02,3279.39,1
2451,09:30:02,3279.39,1
2452,09:30:02,3279.39,200
2453,09:30:02,3279.39,34
2454,09:30:02,3279.39,34
2455,09:30:02,3279.39,2
2456,09:30:02,3279.39,3
2457,09:30:02,3279.39,1
2458,09:30:02,3279.39,3
2459,09:30:02,3279.39,1
2460,09:30:02,3279.39,31
2461,09:30:02,3279.39,3
2462,09:30:02,3279.39,1
2463,09:30:02,3279.39,4
2464,09:30:02,3279.39,1
2465,09:30:02,3279.39,5
2466,09:30:02,3279.39,1
2467,09:30:02,3279.39,1
2468,09:30:02,3279.39,5
2469,09:30:02,3279.39,5
2470,09:30:02,3279.39,1
2471,09:30:02,3279.39,2
2472,09:30:02,3279.39,5
2473,09:30:02,3279.39,2
2474,09:30:02,3279.39,1
2475,09:30:02,3279.39,1
2476,09:30:02,3279.39,1
2477,09:30:02,3279.39,3
2478,09:30:02,3279.39,1
2479,09:30:02,3279.39,1
2480,09:30:02,3279.39,2
2481,09:30:02,3279.39,1
2482,09:30:02,3279.39,4
2483,09:30:02,3279.39,1
2484,09:30:02,3279.39,1
2485,09:30:02,3279.39,4
2486,09:30:02,3279.39,1
2487,09:30:02,3279.39,1
2488,09:30:02,3279.39,25
2489,09:30:02,3279.39,1
2490,09:30:02,3279.39,1
2491,09:30:02,3279.39,6
2492,09:30:02,3279.39,3
2493,09:30:02,3279.39,1
2494,09:30:02,3279.39,5
2495,09:30:02,3279.39,1
2496,09:30:02,3279.39,1
2497,09:30:02,3279.39,1
2498,09:30:02,3279.39,2
2499,09:30:02,3279.39,1
2500,09:30:02,3279.39,5
2501,09:30:02,3279.39,6
2502,09:30:02,3279.39,22
2503,09:30:02,3279.39,1
2504,09:30:02,3279.39,1
2505,09:30:02,3279.39,1
2506,09:30:02,3279.39,100
2507,09:30:02,3279.39,1
2508,09:30:02,3279.39,15
2509,09:30:02,3279.39,34
2510,09:30:02,3279.39,1
2511,09:30:02,3279.39,50
2512,09:30:02,3279.39,34
2513,09:30:02,3279.39,4
2514,09:30:02,3279.39,34
2515,09:30:02,3279.39,30
2516,09:30:02,3279.39,3
2517,09:30:02,3279.39,1
2518,09:30:02,3279.39,34
2519,09:30:02,3279.39,2
2520,09:30:02,3279.39,35
2521,09:30:02,3279.39,34
2522,09:30:02,3279.39,1000
2523,09:30:02,3279.39,15
2524,09:30:02,3279.39,2
2525,09:30:02,3279.39,1
2526,09:30:02,3279.39,2
2527,09:30:02,3279.39,5
2528,09:30:02,3279.39,15
2529,09:30:02,3279.39,34
2530,09:30:02,3279.39,2
2531,09:30:02,3279.39,3
2532,09:30:02,3279.39,34
2533,09:30:02,3279.39,1
2534,09:30:02,3279.39,1
2535,09:30:02,3279.39,1
2536,09:30:02,3279.39,2
2537,09:30:02,3279.39,10
2538,09:30:02,3279.39,1
2539,09:30:02,3279.39,40
2540,09:30:02,3279.39,1
2541,09:30:02,3279.39,2
2542,09:30:02,3279.39,1
2543,09:30:02,3279.39,3
2544,09:30:02,3279.39,1
2545,09:30:02,3279.39,2
2546,09:30:02,3279.39,2
2547,09:30:02,3279.39,1
2548,09:30:02,3279.39,1
2549,09:30:02,3279.39,3
2550,09:30:02,3279.39,1
2551,09:30:02,3279.39,1
2552,09:30:02,3279.39,3
2553,09:30:02,3279.39,1
2554,09:30:02,3279.39,1
2555,09:30:02,3279.39,2
2556,09:30:02,3279.39,1
2557,09:30:02,3279.39,1
2558,09:30:02,3279.39,1
2559,09:30:02,3279.39,1
2560,09:30:02,3279.39,1
2561,09:30:02,3279.39,1
2562,09:30:02,3279.39,40
2563,09:30:02,3279.39,1
2564,09:30:02,3279.39,17
2565,09:30:02,3279.39,1
2566,09:30:02,3279.39,1
2567,09:30:02,3279.39,2
2568,09:30:02,3279.39,1
2569,09:30:02,3279.39,1
2570,09:30:02,3279.39,1
2571,09:30:02,3279.39,1
2572,09:30:02,3279.39,1
2573,09:30:02,3279.39,1
2574,09:30:02,3279.39,1
2575,09:30:02,3279.39,1
2576,09:30:02,3279.39,1
2577,09:30:02,3279.39,1
2578,09:30:02,3279.39,1
2579,09:30:02,3279.39,1
2580,09:30:02,3279.39,1
2581,09:30:02,3279.39,5
2582,09:30:02,3279.39,1
2583,09:30:02,3279.39,4
2584,09:30:02,3279.39,1
2585,09:30:02,3279.39,1
2586,09:30:02,3279.39,1
2587,09:30:02,3279.39,1
2588,09:30:02,3279.39,1
2589,09:30:02,3279.39,1
2590,09:30:02,3279.39,5
2591,09:30:02,3279.39,45
2592,09:30:02,3279.39,18
2593,09:30:02,3279.39,1
2594,09:30:02,3279.39,5
2595,09:30:02,3279.39,18
2596,09:30:02,3279.39,1
2597,09:30:02,3279.39,3
2598,09:30:02,3279.39,5
2599,09:30:02,3279.39,2
2600,09:30:02,3279.39,1
2601,09:30:02,3279.39,1
2602,09:30:02,3279.39,4
2603,09:30:02,3279.39,4
2604,09:30:02,3279.39,1
2605,09:30:02,3279.39,1
2606,09:30:02,3279.39,5
2607,09:30:02,3279.39,3
2608,09:30:02,3279.39,7
2609,09:30:02,3279.39,5
2610,09:30:02,3279.39,1
2611,09:30:02,3279.39,2
2612,09:30:02,3279.39,18
2613,09:30:02,3279.39,1
2614,09:30:02,3279.39,2
2615,09:30:02,3279.39,4
2616,09:30:02,3279.39,4
2617,09:30:02,3279.39,3
2618,09:30:02,3279.39,1
2619,09:30:02,3279.39,2
2620,09:30:02,3279.39,1
2621,09:30:02,3279.39,1
2622,09:30:02,3279.39,1
2623,09:30:02,3279.39,1
2624,09:30:02,3279.39,1
2625,09:30:02,3279.39,10
2626,09:30:02,3279.39,1
2627,09:30:02,3279.39,25
2628,09:30:02,3279.39,1
2629,09:30:02,3279.39,1
2630,09:30:02,3279.39,7
2631,09:30:02,3279.39,1
2632,09:30:02,3279.39,2
2633,09:30:02,3279.39,1
2634,09:30:02,3279.39,1
2635,09:30:02,3279.39,1
2636,09:30:02,3279.39,30
2637,09:30:02,3279.39,30
2638,09:30:02,3279.39,30
2639,09:30:02,3279.39,30
2640,09:30:02,3279.39,3
2641,09:30:02,3279.39,31
2642,09:30:02,3279.39,31
2643,09:30:02,3279.39,31
2644,09:30:02,3279.39,1
2645,09:30:02,3279.39,31
2646,09:30:02,3279.39,27
2647,09:30:02,3279.39,1
2648,09:30:02,3279.39,100
2649,09:30:02,3279.39,1
2650,09:30:02,3279.39,2
2651,09:30:02,3279.39,1
2652,09:30:02,3279.39,2
2653,09:30:02,3279.39,1
2654,09:30:02,3279.39,5
2655,09:30:02,3279.39,3
2656,09:30:02,3279.39,1
2657,09:30:02,3279.39,2
2658,09:30:02,3279.39,20
2659,09:30:02,3279.39,4
2660,09:30:02,3279.39,10
2661,09:30:02,3279.39,1
2662,09:30:02,3279.39,6
2663,09:30:02,3279.39,1
2664,09:30:02,3279.39,1
2665,09:30:02,3279.39,10
2666,09:30:02,3279.39,1
2667,09:30:02,3279.39,2
2668,09:30:02,3279.39,1
2669,09:30:02,3279.39,2
2670,09:30:02,3279.39,100
2671,09:30:02,3279.39,2
2672,09:30:02,3279.39,1
2673,09:30:02,3279.39,1
2674,09:30:02,3279.39,3
2675,09:30:02,3279.39,2
2676,09:30:02,3279.39,10
2677,09:30:02,3279.39,6
2678,09:30:02,3279.39,2
2679,09:30:02,3279.39,5
2680,09:30:02,3279.39,15
2681,09:30:02,3279.39,1
2682,09:30:01,3276.48,128
2683,09:30:01,3276.685,100
2684,10:29:56,3210.62,500
2685,10:29:55,3210.4,400
2686,10:29:42,3209.845,100
2687,10:29:41,3210.12,100
2688,10:29:37,3211.28,182
2689,10:29:37,3210.6584,200
2690,10:29:33,3210.475,100
2691,10:29:33,3210.255,100
2692,10:29:33,3210.61,100
2693,10:29:26,3209.05,100
2694,10:29:25,3208.78,200
2695,10:29:23,3209.47,100
2696,10:29:21,3209.31,395
2697,10:29:20,3209.89,100
2698,10:29:18,3209.9,100
2699,10:29:16,3209.555,100
2700,10:29:11,3209.89,100
2701,10:29:09,3209.88,100
2702,10:29:08,3209.38,200
2703,10:29:05,3208.61,100
2704,10:29:04,3208.795,200
2705,10:29:02,3208.945,100
2706,10:28:59,3208.98,100
2707,10:28:56,3208.93,500
2708,10:28:52,3208.705,100
2709,10:28:48,3209.41,100
2710,10:28:47,3209.4,106
2711,10:28:44,3209.0,200
2712,10:28:34,3208.44,100
2713,10:28:31,3208.01,104
2714,10:28:22,3209.61,100
2715,10:28:22,3208.88,400
2716,10:28:21,3208.366,100
2717,10:28:21,3208.37,100
2718,10:28:21,3208.09,100
2719,10:28:14,3207.27,100
2720,10:28:14,3207.26,100
2721,10:28:14,3206.84,100
2722,10:28:13,3207.193,400
2723,10:28:00,3205.97,100
2724,10:27:59,3205.9307,500
2725,10:27:58,3205.565,100
2726,10:27:58,3206.02,100
2727,10:27:50,3205.84,112
2728,10:27:50,3205.94,300
2729,10:27:43,3206.68,100
2730,10:27:43,3206.68,100
2731,10:27:40,3205.605,219
2732,10:27:36,3205.63,150
2733,10:27:35,3206.17,100
2734,10:27:29,3205.6,236
2735,10:27:27,3206.239,500
2736,10:27:25,3206.0011,300
2737,10:27:17,3205.41,100
2738,10:27:12,3205.813,200
2739,10:27:12,3206.03,177
2740,10:27:10,3204.94,100
2741,10:27:09,3205.585,200
2742,10:26:57,3205.135,100
2743,10:26:56,3205.74,100
2744,10:26:50,3204.595,150
2745,10:26:36,3205.83,100
2746,10:26:34,3206.45,100
2747,10:26:31,3206.87,100
2748,10:26:29,3207.77,100
2749,10:26:18,3207.2205,150
2750,10:26:16,3207.305,400
2751,10:26:16,3207.15,100
2752,10:26:14,3207.36,100
2753,10:26:07,3204.7679,100
2754,10:26:07,3204.982,150
2755,10:26:04,3205.17,100
2756,10:26:01,3204.6362,500
2757,10:25:19,3206.3716,107
2758,10:25:16,3206.02,100
2759,10:25:16,3206.5,100
2760,10:25:16,3206.9084,170
2761,10:25:16,3206.46,100
2762,10:25:13,3205.76,100
2763,10:25:12,3205.17,100
2764,10:25:12,3205.22,100
2765,10:24:57,3204.84,500
2766,10:24:55,3205.245,100
2767,10:24:54,3204.7077,100
2768,10:24:51,3205.44,100
2769,10:24:36,3205.42,100
2770,10:24:36,3205.63,100
2771,10:24:36,3205.3849,300
2772,10:24:22,3206.9278,1000
2773,10:24:22,3205.89,100
2774,10:24:21,3206.48,100
2775,10:24:16,3206.1432,100
2776,10:24:15,3206.49,100
2777,10:24:09,3206.56,100
2778,10:24:09,3206.27,500
2779,10:24:09,3206.46,100
2780,10:24:09,3206.46,100
2781,10:24:09,3206.46,100
2782,10:24:03,3206.46,100
2783,10:23:54,3206.377,500
2784,10:23:54,3206.55,100
2785,10:23:49,3206.02,100
2786,10:23:48,3205.87,127
2787,10:23:48,3205.868,480
2788,10:23:42,3206.96,100
2789,10:23:38,3206.9899,100
2790,10:23:32,3206.05,100
2791,10:23:31,3205.935,100
2792,10:23:30,3205.8775,100
2793,10:23:25,3206.06,105
2794,10:23:22,3205.02,100
2795,10:23:22,3205.18,100
2796,10:23:22,3204.99,100
2797,10:23:20,3204.26,100
2798,10:23:20,3204.79,100
2799,10:23:13,3204.122,500
2800,10:23:11,3205.0,120
2801,10:23:11,3204.91,100
2802,10:23:11,3204.94,100
2803,10:23:02,3204.93,100
2804,10:23:01,3204.133,500
2805,10:23:00,3204.0,147
2806,10:23:00,3204.0,191
2807,10:22:59,3204.8789,100
2808,10:22:52,3205.4,100
2809,10:22:52,3205.03,100
2810,10:22:52,3205.53,100
2811,10:22:50,3205.81,100
2812,10:22:50,3206.15,399
2813,10:22:50,3206.15,101
2814,10:22:43,3205.1,100
2815,10:22:42,3204.76,100
2816,10:22:30,3203.55,100
2817,10:22:30,3203.19,100
2818,10:22:24,3202.55,300
2819,10:22:24,3203.39,100
2820,10:22:22,3202.7,100
2821,10:22:18,3201.7685,250
2822,10:22:10,3202.38,100
2823,10:22:09,3203.64,100
2824,10:22:08,3203.08,100
2825,10:22:03,3203.58,100
2826,10:21:57,3203.84,500
2827,10:21:47,3204.505,100
2828,10:21:46,3204.05,500
2829,10:21:44,3205.36,100
2830,10:21:44,3204.76,100
2831,10:21:43,3204.32,100
2832,10:21:41,3204.8,198
2833,10:21:32,3205.02,100
2834,10:21:24,3204.315,300
2835,10:21:23,3204.315,500
2836,10:21:11,3204.03,100
2837,10:21:08,3204.0,100
2838,10:21:02,3204.2,100
2839,10:21:00,3204.97,118
2840,10:21:00,3204.03,100
2841,10:21:00,3204.21,100
2842,10:21:00,3204.26,100
2843,10:21:00,3204.31,100
2844,10:20:57,3203.77,100
2845,10:20:48,3204.1239,100
2846,10:20:45,3203.25,100
2847,10:20:32,3202.3,100
2848,10:20:29,3202.62,100
2849,10:20:26,3202.6301,800
2850,10:20:24,3203.22,100
2851,10:20:24,3203.22,100
2852,10:20:24,3203.77,100
2853,10:20:24,3203.78,100
2854,10:20:23,3202.26,100
2855,10:20:21,3201.2,100
2856,10:20:21,3201.1512,200
2857,10:20:17,3201.4,100
2858,10:20:09,3202.387,500
2859,10:20:09,3202.65,100
2860,10:20:06,3201.74,101
2861,10:20:06,3202.49,100
2862,10:20:05,3202.03,100
2863,10:20:04,3201.4601,200
2864,10:20:04,3201.99,100
2865,10:20:03,3201.8,100
2866,10:20:03,3201.8,100
2867,10:20:03,3201.8,100
2868,10:20:02,3201.02,100
2869,10:20:01,3201.42,100
2870,10:20:01,3201.81,100
2871,10:19:57,3201.4362,136
2872,10:19:57,3201.2952,364
2873,10:19:49,3200.69,162
2874,10:19:48,3201.1,100
2875,10:19:45,3201.625,500
2876,10:19:44,3201.95,100
2877,10:19:44,3201.89,100
2878,10:19:44,3201.905,100
2879,10:19:34,3201.95,100
2880,10:19:30,3201.8917,300
2881,10:19:26,3202.17,100
2882,10:19:24,3202.3623,250
2883,10:19:23,3202.91,100
2884,10:19:19,3203.24,100
2885,10:19:18,3203.25,100
2886,10:19:12,3202.24,100
2887,10:19:11,3202.0,100
2888,10:19:08,3202.3239,200
2889,10:19:05,3202.23,100
2890,10:19:05,3203.28,100
2891,10:19:04,3203.625,390
2892,10:19:00,3203.4047,110
2893,10:18:59,3204.01,100
2894,10:18:58,3204.04,100
2895,10:18:57,3204.4979,500
2896,10:18:52,3205.55,100
2897,10:18:50,3205.275,750
2898,10:18:49,3205.6934,500
2899,10:18:45,3205.82,100
2900,10:18:45,3205.35,100
2901,10:18:42,3205.538,120
2902,10:18:39,3204.78,100
2903,10:18:35,3205.692,500
2904,10:18:35,3206.2,545
2905,10:18:33,3205.4,100
2906,10:18:31,3206.03,100
2907,10:18:20,3207.18,100
2908,10:18:10,3207.5788,100
2909,10:18:04,3208.165,100
2910,10:17:54,3208.39,500
2911,10:17:48,3209.91,100
2912,10:17:45,3209.6,100
2913,10:17:43,3210.3654,200
2914,10:17:39,3210.39,100
2915,10:17:39,3210.85,200
2916,10:17:39,3210.76,100
2917,10:17:38,3210.398,500
2918,10:17:37,3210.76,150
2919,10:17:37,3209.91,100
2920,10:17:36,3209.3993,194
2921,10:17:31,3210.23,150
2922,10:17:30,3210.1855,100
2923,10:17:29,3209.13,100
2924,10:17:22,3208.38,100
2925,10:17:08,3208.97,500
2926,10:17:08,3209.0205,100
2927,10:17:06,3209.035,100
2928,10:17:03,3208.775,500
2929,10:17:00,3209.07,100
2930,10:16:58,3209.26,100
2931,10:16:52,3208.2592,100
2932,10:16:44,3208.05,100
2933,10:16:42,3208.83,100
2934,10:16:42,3208.085,100
2935,10:16:42,3207.6164,250
2936,10:16:39,3207.43,100
2937,10:16:29,3206.735,100
2938,10:16:24,3206.68,500
2939,10:16:21,3207.09,100
2940,10:16:21,3207.57,100
2941,10:16:18,3207.48,100
2942,10:16:17,3206.74,100
2943,10:16:15,3207.5254,364
2944,10:16:15,3207.5254,136
2945,10:16:11,3206.59,100
2946,10:16:10,3206.705,100
2947,10:16:06,3206.5199,311
2948,10:15:58,3206.24,100
2949,10:15:55,3206.01,100
2950,10:15:53,3207.82,100
2951,10:15:49,3207.23,100
2952,10:15:44,3206.485,100
2953,10:15:44,3207.13,100
2954,10:15:40,3205.93,100
2955,10:15:39,3206.33,100
2956,10:15:38,3206.46,100
2957,10:15:38,3206.07,100
2958,10:15:29,3206.0,157
2959,10:15:29,3206.184,100
2960,10:15:28,3206.1,100
2961,10:15:28,3206.18,100
2962,10:15:28,3206.18,100
2963,10:15:27,3207.0,500
2964,10:15:24,3208.264,1000
2965,10:15:16,3208.495,100
2966,10:15:16,3208.495,100
2967,10:15:12,3207.88,200
2968,10:15:12,3208.29,145
2969,10:15:10,3208.75,500
2970,10:15:10,3209.06,100
2971,10:15:10,3208.75,100
2972,10:15:07,3208.455,100
2973,10:15:06,3208.02,200
2974,10:15:06,3208.02,100
2975,10:15:03,3208.815,100
2976,10:15:01,3208.77,100
2977,10:14:54,3209.453,364
2978,10:14:54,3209.453,111
2979,10:14:52,3209.14,100
2980,10:14:38,3211.32,100
2981,10:14:30,3210.64,100
2982,10:14:25,3210.86,100
2983,10:14:17,3210.073,500
2984,10:14:00,3209.7492,200
2985,10:13:57,3212.135,100
2986,10:13:56,3212.725,252
2987,10:13:55,3211.05,100
2988,10:13:45,3210.07,100
2989,10:13:42,3210.43,100
2990,10:13:36,3211.12,100
2991,10:13:36,3210.96,100
2992,10:13:21,3210.71,100
2993,10:13:21,3210.73,100
2994,10:13:16,3209.733,120
2995,10:13:16,3209.733,146
2996,10:13:16,3209.733,234
2997,10:13:09,3210.7,100
2998,10:13:08,3210.6,100
2999,10:13:08,3209.78,100
3000,10:13:08,3209.905,100
3001,10:13:08,3210.98,200
3002,10:13:07,3209.5198,200
3003,10:13:07,3209.85,100
3004,10:13:07,3210.8,100
3005,10:13:05,3210.79,100
3006,10:12:56,3212.08,100
3007,10:12:52,3210.7,100
3008,10:12:46,3212.1599,150
3009,10:12:43,3211.285,100
3010,10:12:41,3211.14,100
3011,10:12:41,3211.36,100
3012,10:12:35,3209.5001,100
3013,10:12:30,3210.34,553
3014,10:12:26,3210.58,100
3015,10:12:23,3209.99,100
3016,10:12:23,3210.62,100
3017,10:12:23,3209.78,100
3018,10:12:22,3209.81,100
3019,10:12:17,3209.81,100
3020,10:12:15,3209.02,100
3021,10:12:15,3209.942,100
3022,10:12:15,3209.96,100
3023,10:12:14,3210.11,100
3024,10:12:12,3209.707,500
3025,10:12:05,3209.8749,100
3026,10:12:05,3209.43,100
3027,10:12:05,3209.43,137
3028,10:12:03,3209.249,200
3029,10:12:02,3209.52,100
3030,10:12:00,3209.33,100
3031,10:11:59,3209.33,100
3032,10:11:58,3209.33,120
3033,10:11:58,3209.33,100
3034,10:11:58,3209.765,100
3035,10:11:57,3209.67,100
3036,10:11:52,3209.81,400
3037,10:11:52,3209.645,100
3038,10:11:52,3210.15,100
3039,10:11:40,3209.29,100
3040,10:11:36,3209.515,200
3041,10:11:33,3210.9,100
3042,10:11:33,3210.9,241
3043,10:11:26,3210.45,100
3044,10:11:22,3209.41,100
3045,10:11:22,3210.0,100
3046,10:11:22,3210.0,100
3047,10:11:22,3210.1,100
3048,10:11:17,3211.5,100
3049,10:11:17,3211.56,100
3050,10:11:16,3211.74,500
3051,10:11:16,3211.36,100
3052,10:11:16,3211.5,218
3053,10:11:15,3211.745,100
3054,10:11:11,3212.36,100
3055,10:11:10,3212.73,102
3056,10:11:08,3212.13,100
3057,10:11:06,3212.057,364
3058,10:11:05,3211.53,100
3059,10:11:01,3212.0,500
3060,10:11:00,3212.0,120
3061,10:10:55,3212.67,100
3062,10:10:51,3211.857,500
3063,10:10:41,3211.56,100
3064,10:10:41,3211.56,100
3065,10:10:39,3211.03,1000
3066,10:10:35,3212.0,100
3067,10:10:32,3212.005,300
3068,10:10:32,3211.6091,263
3069,10:10:30,3212.25,100
3070,10:10:22,3213.19,100
3071,10:10:22,3213.24,100
3072,10:10:19,3213.44,150
3073,10:10:19,3213.44,187
3074,10:10:14,3213.95,100
3075,10:10:13,3213.27,500
3076,10:10:13,3213.96,300
3077,10:10:12,3213.71,100
3078,10:10:10,3214.0,100
3079,10:10:08,3214.375,100
3080,10:10:04,3214.8,100
3081,10:09:51,3215.06,100
3082,10:09:49,3214.823,500
3083,10:09:44,3215.95,1000
3084,10:09:44,3216.43,150
3085,10:09:44,3216.27,100
3086,10:09:31,3215.87,100
3087,10:09:31,3216.375,467
3088,10:09:30,3216.4416,100
3089,10:09:29,3215.8582,100
3090,10:09:25,3214.79,100
3091,10:09:18,3215.385,138
3092,10:09:13,3214.69,150
3093,10:09:07,3214.32,500
3094,10:09:03,3214.38,532
3095,10:08:58,3215.06,100
3096,10:08:57,3214.05,120
3097,10:08:57,3214.05,200
3098,10:08:57,3214.525,100
3099,10:08:55,3214.93,100
3100,10:08:51,3215.0,100
3101,10:08:51,3215.0,521
3102,10:08:51,3215.0,118
3103,10:08:51,3214.88,100
3104,10:08:51,3214.81,100
3105,10:08:51,3215.0,100
3106,10:08:49,3215.545,120
3107,10:08:49,3215.43,100
3108,10:08:41,3214.645,100
3109,10:08:34,3214.64,180
3110,10:08:34,3214.655,100
3111,10:08:33,3214.2384,100
3112,10:08:31,3213.93,100
3113,10:08:31,3213.78,100
3114,10:08:31,3213.77,100
3115,10:08:31,3213.77,100
3116,10:08:31,3213.77,100
3117,10:08:31,3213.77,100
3118,10:08:31,3213.26,100
3119,10:08:30,3213.09,100
3120,10:08:25,3212.9378,200
3121,10:08:21,3212.235,200
3122,10:08:21,3212.42,500
3123,10:08:17,3213.755,500
3124,10:08:16,3213.73,100
3125,10:08:11,3213.63,100
3126,10:08:10,3213.44,200
3127,10:08:09,3212.8429,100
3128,10:08:05,3214.38,432
3129,10:08:04,3213.78,107
3130,10:07:40,3215.0,100
3131,10:07:40,3215.0,100
3132,10:07:38,3215.7162,100
3133,10:07:37,3215.998,500
3134,10:07:23,3216.2,277
3135,10:07:23,3216.2,100
3136,10:07:04,3217.2799,100
3137,10:07:02,3216.365,100
3138,10:06:58,3217.76,100
3139,10:06:58,3217.76,100
3140,10:06:58,3217.75,160
3141,10:06:58,3217.61,100
3142,10:06:56,3217.41,100
3143,10:06:54,3216.75,100
3144,10:06:51,3216.67,500
3145,10:06:38,3217.765,200
3146,10:06:38,3217.84,100
3147,10:06:37,3218.14,100
3148,10:06:37,3218.14,100
3149,10:06:30,3217.45,100
3150,10:06:22,3218.3023,100
3151,10:06:22,3218.1199,200
3152,10:06:08,3217.785,500
3153,10:06:06,3218.73,100
3154,10:06:01,3217.7,100
3155,10:05:57,3219.36,112
3156,10:05:47,3216.8422,250
3157,10:05:45,3216.832,500
3158,10:05:44,3217.3103,210
3159,10:05:42,3216.94,100
3160,10:05:34,3216.4192,100
3161,10:05:29,3216.55,100
3162,10:05:28,3216.41,100
3163,10:05:26,3216.4,100
3164,10:05:26,3216.4,100
3165,10:05:25,3216.185,100
3166,10:05:25,3216.85,100
3167,10:05:18,3216.9213,425
3168,10:05:18,3217.1216,100
3169,10:05:17,3218.2428,500
3170,10:05:14,3218.96,100
3171,10:05:14,3218.96,100
3172,10:05:13,3219.56,800
3173,10:05:06,3217.925,100
3174,10:05:05,3217.375,100
3175,10:05:05,3217.375,100
3176,10:05:03,3217.55,100
3177,10:05:03,3217.62,100
3178,10:04:58,3216.295,100
3179,10:04:58,3216.295,100
3180,10:04:58,3216.26,100
3181,10:04:58,3216.245,100
3182,10:04:54,3216.09,100
3183,10:04:51,3215.01,100
3184,10:04:50,3215.65,470
3185,10:04:47,3215.925,100
3186,10:04:47,3215.6469,135
3187,10:04:42,3216.065,100
3188,10:04:40,3215.8658,200
3189,10:04:34,3217.202,100
3190,10:04:33,3215.4673,100
3191,10:04:29,3214.72,100
3192,10:04:28,3214.135,100
3193,10:04:28,3214.52,110
3194,10:04:28,3213.82,100
3195,10:04:28,3214.145,100
3196,10:04:28,3213.81,100
3197,10:04:24,3214.3932,100
3198,10:04:19,3214.19,100
3199,10:04:17,3214.28,100
3200,10:04:16,3213.65,100
3201,10:04:16,3213.59,100
3202,10:04:12,3211.58,100
3203,10:04:12,3211.96,100
3204,10:04:11,3212.0675,100
3205,10:04:08,3212.8,100
3206,10:04:07,3212.85,100
3207,10:04:07,3212.9,100
3208,10:04:05,3213.3133,200
3209,10:04:04,3213.72,200
3210,10:04:03,3213.87,500
3211,10:04:03,3213.86,100
3212,10:04:02,3213.26,100
3213,10:04:02,3213.31,100
3214,10:04:02,3213.68,100
3215,10:04:02,3213.68,141
3216,10:04:01,3214.355,100
3217,10:04:00,3213.98,100
3218,10:04:00,3213.31,150
3219,10:03:57,3213.27,100
3220,10:03:57,3213.18,100
3221,10:03:56,3212.0,100
3222,10:03:53,3212.635,500
3223,10:03:52,3213.54,100
3224,10:03:48,3211.495,100
3225,10:03:46,3212.8,100
3226,10:03:46,3212.8,100
3227,10:03:46,3212.75,100
3228,10:03:38,3211.955,100
3229,10:03:36,3212.6902,500
3230,10:03:35,3211.6,140
3231,10:03:34,3211.0899,110
3232,10:03:34,3211.0899,1836
3233,10:03:29,3211.6,100
3234,10:03:29,3211.55,100
3235,10:03:29,3211.84,100
3236,10:03:28,3212.02,100
3237,10:03:27,3211.0,100
3238,10:03:25,3211.895,1000
3239,10:03:25,3211.37,100
3240,10:03:25,3212.0254,100
3241,10:03:23,3213.1142,222
3242,10:03:23,3212.875,100
3243,10:03:23,3212.18,100
3244,10:03:21,3213.0,150
3245,10:03:20,3213.645,500
3246,10:03:19,3213.13,100
3247,10:03:19,3213.4,100
3248,10:03:19,3213.4,135
3249,10:03:19,3213.4,100
3250,10:03:19,3213.4,100
3251,10:03:19,3213.4,100
3252,10:03:19,3213.4,100
3253,10:03:19,3213.4,100
3254,10:03:19,3213.4,133
3255,10:03:19,3213.42,100
3256,10:03:13,3213.9,100
3257,10:03:13,3214.18,100
3258,10:03:12,3215.08,100
3259,10:03:12,3214.98,100
3260,10:03:12,3214.82,100
3261,10:03:12,3215.79,100
3262,10:03:11,3214.36,100
3263,10:03:11,3214.61,100
3264,10:03:11,3214.98,100
3265,10:03:11,3214.44,100
3266,10:03:11,3214.49,100
3267,10:03:09,3213.3,121
3268,10:03:07,3214.2981,500
3269,10:03:05,3213.5,450
3270,10:03:03,3212.91,100
3271,10:03:02,3213.0,100
3272,10:03:02,3212.82,100
3273,10:02:59,3212.81,198
3274,10:02:58,3213.12,100
3275,10:02:55,3214.09,100
3276,10:02:55,3213.14,248
3277,10:02:55,3213.24,200
3278,10:02:55,3213.34,100
3279,10:02:53,3214.99,180
3280,10:02:53,3215.56,100
3281,10:02:52,3215.37,100
3282,10:02:52,3215.37,100
3283,10:02:52,3215.37,100
3284,10:02:52,3216.515,100
3285,10:02:51,3215.44,100
3286,10:02:49,3215.54,115
3287,10:02:48,3216.36,100
3288,10:02:48,3215.93,100
3289,10:02:48,3215.92,300
3290,10:02:48,3216.17,100
3291,10:02:46,3217.14,100
3292,10:02:45,3216.66,140
3293,10:02:45,3217.59,100
3294,10:02:43,3217.5,200
3295,10:02:43,3217.53,122
3296,10:02:43,3218.46,100
3297,10:02:42,3218.9,100
3298,10:02:41,3218.0506,248
3299,10:02:41,3218.0698,109
3300,10:02:41,3218.0699,143
3301,10:02:39,3217.87,130
3302,10:02:39,3218.03,100
3303,10:02:36,3217.535,150
3304,10:02:34,3218.155,100
3305,10:02:34,3218.14,100
3306,10:02:34,3218.19,100
3307,10:02:31,3217.515,100
3308,10:02:31,3217.0378,300
3309,10:02:29,3217.885,200
3310,10:02:29,3217.885,100
3311,10:02:29,3218.85,100
3312,10:02:22,3218.54,302
3313,10:02:22,3218.54,309
3314,10:02:22,3218.54,310
3315,10:02:21,3219.06,100
3316,10:02:18,3219.34,100
3317,10:02:18,3219.0,100
3318,10:02:15,3221.2205,100
3319,10:02:12,3219.715,128
3320,10:02:12,3219.2239,100
3321,10:02:11,3220.0,100
3322,10:02:11,3219.89,100
3323,10:02:09,3220.97,120
3324,10:02:02,3223.0,155
3325,10:02:02,3223.65,100
3326,10:02:02,3223.65,100
3327,10:02:02,3223.19,184
3328,10:02:02,3223.65,100
3329,10:02:02,3223.65,100
3330,10:02:00,3223.65,100
3331,10:01:59,3223.65,100
3332,10:01:57,3222.86,100
3333,10:01:53,3223.795,100
3334,10:01:51,3223.8,600
3335,10:01:45,3223.91,218
3336,10:01:38,3223.95,100
3337,10:01:28,3225.23,100
3338,10:01:27,3224.755,288
3339,10:01:27,3225.14,100
3340,10:01:26,3224.52,100
3341,10:01:26,3224.52,100
3342,10:01:23,3224.305,100
3343,10:01:22,3224.17,500
3344,10:01:18,3224.45,500
3345,10:01:16,3224.09,100
3346,10:01:16,3224.14,100
3347,10:01:10,3223.7942,138
3348,10:01:10,3223.09,100
3349,10:01:09,3222.22,100
3350,10:01:09,3222.3464,383
3351,10:01:09,3222.84,100
3352,10:01:05,3225.4,100
3353,10:01:05,3225.0,100
3354,10:01:04,3225.5,100
3355,10:01:04,3226.3089,309
3356,10:01:01,3225.68,100
3357,10:01:01,3226.0,100
3358,10:00:57,3227.6187,100
3359,10:00:51,3227.895,100
3360,10:00:51,3228.0,157
3361,10:00:51,3228.42,100
3362,10:00:48,3230.08,100
3363,10:00:40,3231.57,100
3364,10:00:33,3231.685,100
3365,10:00:24,3232.53,100
3366,10:00:24,3231.9,200
3367,10:00:21,3231.22,804
3368,10:00:15,3231.47,100
3369,10:00:08,3229.262,100
3370,10:00:08,3230.76,100
3371,10:00:04,3231.615,100
3372,10:00:04,3231.8,100
3373,10:00:03,3230.0,100
3374,10:00:02,3230.63,100
3375,10:59:47,3199.315,100
3376,10:59:46,3199.4,100
3377,10:59:46,3199.03,100
3378,10:59:42,3198.6,200
3379,10:59:42,3198.6,500
3380,10:59:42,3198.6,100
3381,10:59:38,3198.6,100
3382,10:59:36,3198.59,100
3383,10:59:31,3197.8017,100
3384,10:59:30,3198.48,100
3385,10:59:28,3197.7101,200
3386,10:59:26,3198.62,100
3387,10:59:26,3198.62,100
3388,10:59:25,3198.62,100
3389,10:59:25,3198.95,100
3390,10:59:24,3197.54,210
3391,10:59:24,3197.53,100
3392,10:59:24,3197.83,200
3393,10:59:22,3197.93,100
3394,10:59:21,3198.2477,100
3395,10:59:21,3197.38,100
3396,10:59:13,3196.65,100
3397,10:59:08,3195.11,100
3398,10:58:59,3194.72,108
3399,10:58:59,3194.72,108
3400,10:58:59,3194.72,100
3401,10:58:59,3194.63,100
3402,10:58:58,3195.065,364
3403,10:58:56,3195.6541,364
3404,10:58:56,3195.6541,312
3405,10:58:56,3195.13,100
3406,10:58:56,3194.61,103
3407,10:58:56,3194.61,200
3408,10:58:56,3194.61,100
3409,10:58:55,3195.21,100
3410,10:58:55,3195.569,100
3411,10:58:54,3195.2,100
3412,10:58:53,3193.7,100
3413,10:58:48,3193.27,100
3414,10:58:44,3191.83,101
3415,10:58:41,3192.43,145
3416,10:58:29,3192.62,100
3417,10:58:26,3192.2609,250
3418,10:58:25,3192.78,100
3419,10:58:24,3192.75,100
3420,10:58:24,3192.81,100
3421,10:58:24,3192.815,100
3422,10:58:24,3193.22,100
3423,10:58:18,3193.63,100
3424,10:58:18,3193.5,100
3425,10:58:16,3191.62,250
3426,10:58:14,3192.795,100
3427,10:58:12,3193.07,128
3428,10:58:08,3193.331,100
3429,10:58:04,3193.3301,100
3430,10:58:04,3193.645,100
3431,10:57:56,3193.331,100
3432,10:57:56,3193.33,100
3433,10:57:55,3193.78,100
3434,10:57:55,3193.64,100
3435,10:57:55,3193.64,100
3436,10:57:55,3193.78,260
3437,10:57:51,3193.62,100
3438,10:57:51,3194.0,108
3439,10:57:51,3193.73,100
3440,10:57:51,3193.71,150
3441,10:57:50,3193.28,100
3442,10:57:50,3193.19,200
3443,10:57:46,3193.33,200
3444,10:57:46,3193.6,100
3445,10:57:46,3193.6,100
3446,10:57:46,3192.9,300
3447,10:57:46,3193.18,100
3448,10:57:45,3193.19,100
3449,10:57:45,3192.8,100
3450,10:57:38,3192.33,100
3451,10:57:38,3192.33,830
3452,10:57:35,3191.58,100
3453,10:57:34,3191.77,100
3454,10:57:34,3191.77,100
3455,10:57:34,3190.8725,100
3456,10:57:33,3191.58,100
3457,10:57:33,3190.875,100
3458,10:57:30,3191.955,100
3459,10:57:28,3190.99,100
3460,10:57:28,3190.525,100
3461,10:57:26,3191.4662,450
3462,10:57:24,3191.265,100
3463,10:57:24,3191.31,100
3464,10:57:24,3192.0,100
3465,10:57:24,3191.8,100
3466,10:57:24,3191.19,100
3467,10:57:22,3190.54,100
3468,10:57:22,3190.04,300
3469,10:57:22,3190.27,100
3470,10:57:22,3190.26,100
3471,10:57:22,3190.25,100
3472,10:57:20,3189.59,500
3473,10:57:20,3189.76,100
3474,10:57:18,3190.15,100
3475,10:57:18,3190.15,100
3476,10:57:14,3190.89,100
3477,10:57:12,3190.0,100
3478,10:57:08,3189.83,100
3479,10:57:03,3190.22,100
3480,10:57:00,3190.39,500
3481,10:56:57,3190.77,100
3482,10:56:50,3191.8625,131
3483,10:56:50,3191.8625,334
3484,10:56:47,3191.8,100
3485,10:56:47,3191.8,100
3486,10:56:47,3191.8,100
3487,10:56:47,3191.8,100
3488,10:56:46,3190.88,100
3489,10:56:46,3190.88,283
3490,10:56:46,3191.04,210
3491,10:56:36,3190.8467,150
3492,10:56:21,3189.27,100
3493,10:56:18,3189.64,100
3494,10:56:14,3190.04,115
3495,10:56:11,3190.73,100
3496,10:56:11,3190.14,500
3497,10:56:08,3189.048,500
3498,10:56:08,3189.055,500
3499,10:55:59,3187.5,200
3500,10:55:58,3187.2601,120
3501,10:55:56,3188.28,100
3502,10:55:51,3188.27,100
3503,10:55:35,3189.02,100
3504,10:55:35,3189.02,100
3505,10:55:34,3189.02,100
3506,10:55:33,3189.02,100
3507,10:55:33,3189.02,100
3508,10:55:33,3189.02,100
3509,10:55:32,3189.99,100
3510,10:55:31,3189.0214,313
3511,10:55:30,3189.54,100
3512,10:55:21,3189.02,100
3513,10:55:21,3189.02,100
3514,10:55:21,3188.08,128
3515,10:55:21,3188.0,200
3516,10:55:21,3187.61,100
3517,10:55:20,3186.34,100
3518,10:55:17,3185.29,100
3519,10:55:17,3186.005,100
3520,10:55:11,3184.07,100
3521,10:55:02,3182.6154,100
3522,10:54:58,3181.51,100
3523,10:54:57,3182.08,132
3524,10:54:47,3184.09,100
3525,10:54:45,3184.63,100
3526,10:54:45,3183.74,100
3527,10:54:35,3183.58,120
3528,10:54:31,3182.26,500
3529,10:54:26,3182.7613,100
3530,10:54:22,3182.31,100
3531,10:54:20,3182.51,250
3532,10:54:20,3182.51,167
3533,10:54:19,3182.02,100
3534,10:54:14,3181.645,100
3535,10:54:12,3182.0,100
3536,10:54:11,3180.624,100
3537,10:54:10,3181.0,100
3538,10:54:10,3181.02,100
3539,10:54:10,3181.34,100
3540,10:54:09,3181.21,100
3541,10:54:07,3181.835,100
3542,10:54:06,3181.52,100
3543,10:54:01,3183.0,100
3544,10:53:58,3183.7,100
3545,10:53:54,3183.01,500
3546,10:53:44,3185.69,100
3547,10:53:44,3185.69,100
3548,10:53:37,3184.81,100
3549,10:53:33,3186.19,100
3550,10:53:33,3186.29,100
3551,10:53:33,3186.19,100
3552,10:53:33,3186.205,100
3553,10:53:31,3186.43,100
3554,10:53:31,3186.43,100
3555,10:53:31,3186.43,100
3556,10:53:31,3186.43,167
3557,10:53:30,3186.5176,131
3558,10:53:30,3186.52,180
3559,10:53:25,3186.6894,200
3560,10:53:21,3187.555,100
3561,10:53:17,3186.74,500
3562,10:53:17,3187.03,320
3563,10:53:16,3186.905,100
3564,10:53:12,3188.0,100
3565,10:53:10,3187.64,153
3566,10:53:03,3186.53,100
3567,10:53:03,3186.53,100
3568,10:52:53,3186.422,500
3569,10:52:33,3185.105,500
3570,10:52:22,3185.3079,200
3571,10:52:18,3184.871,100
3572,10:52:18,3185.56,100
3573,10:52:17,3186.155,500
3574,10:52:16,3185.9566,150
3575,10:52:10,3185.1,500
3576,10:52:09,3185.05,100
3577,10:52:04,3186.165,100
3578,10:51:57,3185.7525,100
3579,10:51:50,3185.705,100
3580,10:51:49,3186.215,100
3581,10:51:44,3186.18,117
3582,10:51:35,3187.0,100
3583,10:51:35,3187.0,100
3584,10:51:35,3187.0,100
3585,10:51:34,3187.0,200
3586,10:51:33,3186.74,100
3587,10:51:33,3187.0,152
3588,10:51:33,3186.62,100
3589,10:51:33,3186.67,100
3590,10:51:33,3187.0,209
3591,10:51:33,3186.165,250
3592,10:51:33,3186.125,100
3593,10:51:31,3185.53,100
3594,10:51:29,3184.52,100
3595,10:51:21,3184.07,100
3596,10:51:20,3183.8,100
3597,10:51:19,3184.4978,500
3598,10:51:18,3184.597,104
3599,10:51:18,3184.597,293
3600,10:51:17,3184.0,100
3601,10:51:16,3183.47,100
3602,10:51:16,3183.51,100
3603,10:51:15,3184.0,100
3604,10:51:15,3183.96,100
3605,10:51:15,3183.54,100
3606,10:51:15,3183.54,100
3607,10:51:15,3183.54,100
3608,10:51:15,3183.49,291
3609,10:51:15,3183.54,100
3610,10:51:14,3183.6,100
3611,10:51:14,3183.54,250
3612,10:51:14,3183.54,100
3613,10:51:13,3184.08,100
3614,10:51:09,3184.72,100
3615,10:51:08,3184.43,100
3616,10:51:08,3184.0,900
3617,10:51:08,3184.781,100
3618,10:51:04,3184.91,100
3619,10:51:04,3184.1,100
3620,10:51:04,3184.09,100
3621,10:51:04,3184.81,100
3622,10:51:03,3185.4455,375
3623,10:51:03,3184.735,100
3624,10:51:00,3184.2146,120
3625,10:50:55,3184.92,100
3626,10:50:52,3184.485,500
3627,10:50:51,3184.52,100
3628,10:50:48,3185.9168,500
3629,10:50:39,3185.02,100
3630,10:50:32,3186.0,189
3631,10:50:31,3186.0,107
3632,10:50:16,3186.01,100
3633,10:50:16,3186.01,100
3634,10:49:58,3186.84,100
3635,10:49:56,3187.055,296
3636,10:49:56,3187.06,100
3637,10:49:45,3187.19,100
3638,10:49:43,3188.0,119
3639,10:49:43,3188.0,100
3640,10:49:43,3187.8,100
3641,10:49:43,3187.69,100
3642,10:49:36,3186.83,375
3643,10:49:36,3186.32,100
3644,10:49:34,3186.495,130
3645,10:49:33,3185.7,100
3646,10:49:33,3185.257,100
3647,10:49:33,3185.257,100
3648,10:49:33,3185.257,100
3649,10:49:33,3185.0,100
3650,10:49:32,3186.67,100
3651,10:49:28,3187.0,100
3652,10:49:21,3187.1413,100
3653,10:49:18,3187.14,100
3654,10:49:18,3187.34,100
3655,10:49:16,3186.8469,127
3656,10:49:15,3186.2601,100
3657,10:49:13,3186.25,100
3658,10:49:05,3186.17,100
3659,10:49:05,3186.08,100
3660,10:49:05,3185.94,100
3661,10:49:03,3185.94,100
3662,10:49:03,3185.94,100
3663,10:49:02,3185.67,100
3664,10:49:02,3185.51,100
3665,10:49:02,3185.68,100
3666,10:49:02,3185.23,500
3667,10:48:57,3184.5042,600
3668,10:48:56,3184.27,157
3669,10:48:56,3185.0,100
3670,10:48:55,3185.4,100
3671,10:48:54,3185.01,300
3672,10:48:54,3185.5,100
3673,10:48:50,3185.51,100
3674,10:48:50,3185.67,100
3675,10:48:49,3186.21,100
3676,10:48:49,3186.14,100
3677,10:48:49,3186.04,100
3678,10:48:49,3186.6496,500
3679,10:48:46,3186.0,100
3680,10:48:44,3186.435,100
3681,10:48:43,3186.43,100
3682,10:48:43,3186.53,100
3683,10:48:42,3186.6149,100
3684,10:48:40,3187.0,100
3685,10:48:40,3187.06,100
3686,10:48:40,3187.07,100
3687,10:48:39,3187.01,500
3688,10:48:25,3186.87,100
3689,10:48:24,3187.0,100
3690,10:48:18,3187.49,1000
3691,10:48:14,3188.2762,100
3692,10:48:10,3188.54,100
3693,10:48:07,3189.645,100
3694,10:48:06,3189.76,100
3695,10:48:03,3190.16,100
3696,10:47:54,3189.32,200
3697,10:47:27,3188.54,100
3698,10:47:27,3189.03,100
3699,10:47:24,3188.8999,100
3700,10:47:20,3187.585,250
3701,10:47:19,3186.315,500
3702,10:47:19,3187.1299,200
3703,10:47:17,3187.0,128
3704,10:47:15,3189.2529,100
3705,10:47:15,3188.84,100
3706,10:47:11,3189.91,100
3707,10:47:11,3189.55,100
3708,10:47:11,3188.2901,200
3709,10:47:05,3188.6,100
3710,10:47:01,3188.28,100
3711,10:47:01,3188.54,100
3712,10:47:00,3188.0,200
3713,10:46:59,3188.0,200
3714,10:46:58,3188.0,100
3715,10:46:58,3188.0,200
3716,10:46:48,3188.785,100
3717,10:46:41,3187.65,133
3718,10:46:41,3188.58,266
3719,10:46:40,3188.53,100
3720,10:46:39,3187.0001,249
3721,10:46:36,3187.485,400
3722,10:46:36,3187.485,100
3723,10:46:33,3187.27,100
3724,10:46:19,3186.575,100
3725,10:46:11,3186.985,130
3726,10:45:52,3188.415,100
3727,10:45:52,3188.63,100
3728,10:45:52,3188.63,100
3729,10:45:52,3188.63,100
3730,10:45:49,3188.95,100
3731,10:45:33,3187.535,100
3732,10:45:33,3187.6,100
3733,10:45:33,3189.01,100
3734,10:45:31,3188.0,200
3735,10:45:26,3189.51,100
3736,10:45:23,3190.56,100
3737,10:45:23,3190.55,100
3738,10:45:22,3188.1002,1576
3739,10:45:22,3188.1002,124
3740,10:45:22,3188.01,263
3741,10:45:22,3188.11,263
3742,10:45:22,3188.155,100
3743,10:45:22,3188.19,100
3744,10:45:22,3188.14,100
3745,10:45:22,3188.055,100
3746,10:45:22,3188.2,100
3747,10:45:22,3188.09,100
3748,10:45:22,3188.19,100
3749,10:45:22,3188.1,100
3750,10:45:22,3188.11,422
3751,10:45:22,3188.01,422
3752,10:45:22,3188.19,100
3753,10:45:22,3188.01,600
3754,10:45:22,3188.11,600
3755,10:45:22,3188.19,100
3756,10:45:22,3190.86,100
3757,10:45:22,3190.91,100
3758,10:45:22,3190.85,100
3759,10:45:22,3190.93,100
3760,10:45:22,3190.86,100
3761,10:45:21,3190.952,100
3762,10:45:20,3190.83,100
3763,10:45:20,3190.8,100
3764,10:45:14,3188.46,100
3765,10:45:13,3188.46,100
3766,10:45:12,3189.97,100
3767,10:45:12,3190.415,100
3768,10:45:12,3190.74,100
3769,10:45:12,3190.1,500
3770,10:45:04,3191.0,100
3771,10:45:03,3191.34,100
3772,10:45:03,3191.15,100
3773,10:45:03,3191.0,100
3774,10:45:03,3191.4,500
3775,10:44:55,3191.9582,250
3776,10:44:52,3190.495,100
3777,10:44:51,3191.12,100
3778,10:44:49,3191.11,100
3779,10:44:49,3192.4,100
3780,10:44:47,3190.72,100
3781,10:44:46,3190.965,100
3782,10:44:45,3190.765,100
3783,10:44:41,3192.45,100
3784,10:44:41,3192.45,100
3785,10:44:41,3191.8,100
3786,10:44:41,3190.735,100
3787,10:44:41,3190.74,100
3788,10:44:41,3190.66,100
3789,10:44:41,3190.74,100
3790,10:44:40,3192.32,100
3791,10:44:40,3191.58,100
3792,10:44:40,3192.3513,100
3793,10:44:40,3191.79,100
3794,10:44:39,3191.79,100
3795,10:44:39,3191.79,100
3796,10:44:39,3191.7899,100
3797,10:44:39,3191.79,100
3798,10:44:39,3191.79,100
3799,10:44:39,3191.79,156
3800,10:44:39,3191.7899,100
3801,10:44:39,3191.79,100
3802,10:44:39,3191.79,200
3803,10:44:39,3191.7899,200
3804,10:44:39,3191.7899,100
3805,10:44:39,3191.79,100
3806,10:44:39,3191.79,100
3807,10:44:39,3191.79,100
3808,10:44:39,3191.7,100
3809,10:44:39,3191.7,100
3810,10:44:39,3191.7,100
3811,10:44:39,3191.7,155
3812,10:44:38,3190.7091,250
3813,10:44:37,3190.155,100
3814,10:44:33,3190.3,100
3815,10:44:18,3192.57,100
3816,10:44:18,3192.43,100
3817,10:44:16,3192.9822,100
3818,10:44:13,3192.748,200
3819,10:44:13,3192.43,100
3820,10:44:13,3192.43,100
3821,10:44:10,3191.875,500
3822,10:44:09,3191.12,170
3823,10:44:09,3190.68,100
3824,10:44:09,3190.69,243
3825,10:44:07,3189.215,100
3826,10:44:04,3190.05,100
3827,10:44:04,3189.84,100
3828,10:44:04,3190.0,148
3829,10:44:03,3190.66,100
3830,10:44:01,3190.828,120
3831,10:44:01,3190.828,173
3832,10:44:01,3190.828,183
3833,10:44:00,3190.08,100
3834,10:43:59,3190.0,243
3835,10:43:59,3191.31,100
3836,10:43:56,3191.8604,200
3837,10:43:51,3192.11,100
3838,10:43:48,3192.95,100
3839,10:43:48,3192.95,100
3840,10:43:48,3192.95,100
3841,10:43:48,3192.95,100
3842,10:43:48,3192.95,100
3843,10:43:48,3192.95,100
3844,10:43:48,3192.95,100
3845,10:43:48,3192.532,100
3846,10:43:48,3192.532,100
3847,10:43:48,3192.532,100
3848,10:43:48,3192.532,100
3849,10:43:48,3192.532,100
3850,10:43:47,3192.135,100
3851,10:43:47,3192.2835,195
3852,10:43:46,3193.38,300
3853,10:43:40,3192.95,100
3854,10:43:40,3192.95,100
3855,10:43:40,3192.52,100
3856,10:43:40,3192.95,100
3857,10:43:40,3192.95,100
3858,10:43:37,3192.95,100
3859,10:43:37,3192.95,300
3860,10:43:37,3192.95,100
3861,10:43:32,3192.95,100
3862,10:43:31,3192.95,100
3863,10:43:31,3192.95,100
3864,10:43:31,3192.95,100
3865,10:43:30,3192.67,100
3866,10:43:29,3194.16,122
3867,10:43:29,3194.15,300
3868,10:43:29,3194.15,100
3869,10:43:26,3194.14,100
3870,10:43:26,3194.14,100
3871,10:43:26,3193.41,200
3872,10:43:19,3193.3,200
3873,10:43:16,3193.0,100
3874,10:43:15,3193.64,100
3875,10:43:11,3195.27,500
3876,10:43:10,3192.76,100
3877,10:43:10,3192.76,100
3878,10:43:10,3192.76,200
3879,10:43:10,3192.715,100
3880,10:43:07,3190.62,100
3881,10:43:06,3191.34,103
3882,10:43:06,3191.34,197
3883,10:43:06,3191.34,100
3884,10:43:06,3191.67,100
3885,10:43:06,3191.335,100
3886,10:43:05,3190.945,100
3887,10:43:05,3191.68,100
3888,10:43:05,3190.53,100
3889,10:43:05,3190.71,100
3890,10:43:05,3190.71,100
3891,10:43:05,3190.71,100
3892,10:43:05,3190.5,197
3893,10:43:05,3190.5,100
3894,10:43:04,3191.465,100
3895,10:43:04,3191.46,100
3896,10:43:04,3191.465,100
3897,10:43:03,3190.97,100
3898,10:43:02,3190.68,100
3899,10:42:57,3191.025,100
3900,10:42:56,3191.92,100
3901,10:42:55,3193.095,100
3902,10:42:54,3194.6009,274
3903,10:42:53,3193.33,100
3904,10:42:53,3194.915,500
3905,10:42:52,3195.55,100
3906,10:42:52,3193.025,100
3907,10:42:52,3193.15,100
3908,10:42:52,3193.225,100
3909,10:42:52,3194.59,300
3910,10:42:51,3194.42,100
3911,10:42:49,3196.1975,100
3912,10:42:49,3196.87,100
3913,10:42:49,3196.87,100
3914,10:42:49,3196.87,100
3915,10:42:49,3196.87,100
3916,10:42:49,3196.87,100
3917,10:42:48,3196.87,100
3918,10:42:48,3196.87,100
3919,10:42:46,3196.185,100
3920,10:42:46,3196.4075,100
3921,10:42:46,3196.87,100
3922,10:42:46,3196.87,100
3923,10:42:44,3197.02,100
3924,10:42:44,3197.94,200
3925,10:42:44,3196.87,100
3926,10:42:43,3196.87,100
3927,10:42:43,3196.87,100
3928,10:42:42,3197.99,100
3929,10:42:41,3198.94,100
3930,10:42:41,3198.01,100
3931,10:42:41,3198.0,165
3932,10:42:34,3196.7,100
3933,10:42:30,3195.54,140
3934,10:42:27,3195.705,106
3935,10:42:26,3195.086,150
3936,10:42:24,3197.575,100
3937,10:42:24,3195.37,100
3938,10:42:24,3195.37,100
3939,10:42:24,3195.37,100
3940,10:42:24,3197.41,100
3941,10:42:24,3197.66,100
3942,10:42:24,3197.48,100
3943,10:42:24,3197.41,100
3944,10:42:24,3197.41,100
3945,10:42:24,3197.41,100
3946,10:42:24,3197.41,100
3947,10:42:24,3197.41,100
3948,10:42:24,3198.95,100
3949,10:42:24,3197.36,100
3950,10:42:24,3197.47,223
3951,10:42:24,3200.75,100
3952,10:42:24,3197.87,100
3953,10:42:24,3195.61,100
3954,10:42:24,3195.81,100
3955,10:42:24,3195.96,100
3956,10:42:24,3195.0,100
3957,10:42:20,3194.0,100
3958,10:42:20,3194.0,334
3959,10:42:20,3194.0,100
3960,10:42:17,3193.755,100
3961,10:42:17,3194.0,100
3962,10:42:16,3193.87,100
3963,10:42:16,3194.0,285
3964,10:42:16,3194.0,100
3965,10:42:16,3194.0,200
3966,10:42:15,3193.99,100
3967,10:42:09,3193.8336,100
3968,10:42:07,3192.62,100
3969,10:42:07,3192.52,100
3970,10:42:07,3193.24,100
3971,10:42:07,3193.22,100
3972,10:42:07,3192.42,100
3973,10:42:00,3191.28,100
3974,10:42:00,3192.021,100
3975,10:41:54,3192.88,100
3976,10:41:54,3192.59,100
3977,10:41:51,3191.37,100
3978,10:41:51,3191.37,100
3979,10:41:47,3192.51,100
3980,10:41:43,3193.65,100
3981,10:41:37,3193.22,100
3982,10:41:37,3193.515,200
3983,10:41:35,3193.635,100
3984,10:41:34,3193.412,100
3985,10:41:31,3193.315,100
3986,10:41:24,3193.89,100
3987,10:41:24,3193.89,120
3988,10:41:24,3193.6,100
3989,10:41:24,3193.4,100
3990,10:41:24,3193.125,100
3991,10:41:24,3193.125,100
3992,10:41:24,3193.125,100
3993,10:41:24,3193.125,100
3994,10:41:23,3193.125,100
3995,10:41:23,3193.125,200
3996,10:41:23,3193.12,100
