,NLS Time (ET),NLS Price,NLS Share Volume
0,09:59:22,3335.43,300
1,09:59:19,3335.97,100
2,09:59:19,3335.97,100
3,09:59:19,3334.3901,100
4,09:59:04,3335.25,100
5,09:58:53,3334.99,100
6,09:58:37,3334.8654,100
7,09:58:33,3334.97,140
8,09:58:25,3334.33,100
9,09:58:21,3334.99,100
10,09:58:01,3335.0299,100
11,09:57:54,3334.18,100
12,09:57:53,3333.9343,105
13,09:57:52,3333.51,150
14,09:57:39,3335.47,100
15,09:57:37,3335.985,100
16,09:57:32,3336.3401,100
17,09:57:31,3336.62,100
18,09:57:31,3336.82,177
19,09:57:31,3336.49,115
20,09:57:31,3336.72,100
21,09:57:31,3336.82,100
22,09:57:31,3336.84,100
23,09:57:06,3338.29,100
24,09:57:01,3337.83,100
25,09:56:58,3338.0,300
26,09:56:58,3337.8,100
27,09:56:56,3337.46,100
28,09:56:55,3337.865,100
29,09:56:46,3337.3038,100
30,09:56:41,3338.1238,100
31,09:56:23,3338.41,100
32,09:56:23,3338.4,100
33,09:56:07,3337.55,100
34,09:56:05,3337.61,100
35,09:56:03,3337.0301,100
36,09:55:46,3338.0,113
37,09:55:34,3339.6,100
38,09:55:30,3339.17,100
39,09:55:30,3339.13,100
40,09:55:30,3339.12,100
41,09:55:28,3339.23,100
42,09:55:25,3339.23,100
43,09:55:08,3339.84,100
44,09:55:06,3339.84,100
45,09:54:56,3339.04,100
46,09:54:51,3338.8,100
47,09:54:38,3340.3,100
48,09:54:35,3340.92,100
49,09:54:22,3339.92,100
50,09:54:22,3340.02,100
51,09:54:22,3339.97,100
52,09:54:22,3339.96,100
53,09:54:02,3341.0,100
54,09:54:02,3340.79,100
55,09:53:31,3339.23,100
56,09:53:31,3339.19,100
57,09:53:25,3340.82,100
58,09:53:25,3340.66,100
59,09:53:25,3340.66,154
60,09:53:18,3341.74,149
61,09:53:18,3341.7,100
62,09:53:18,3341.71,100
63,09:53:15,3339.84,100
64,09:53:06,3340.0,100
65,09:53:04,3339.5,200
66,09:52:34,3338.7396,100
67,09:52:20,3338.85,100
68,09:52:17,3337.68,100
69,09:52:06,3338.58,100
70,09:51:57,3337.82,100
71,09:51:48,3337.82,100
72,09:51:48,3337.78,100
73,09:51:38,3338.23,100
74,09:51:38,3338.23,100
75,09:51:33,3337.53,100
76,09:51:30,3337.72,100
77,09:51:30,3337.72,100
78,09:51:23,3337.74,100
79,09:51:23,3337.74,104
80,09:51:23,3337.79,100
81,09:51:21,3337.165,116
82,09:51:12,3336.7011,100
83,09:51:06,3337.49,100
84,09:51:06,3337.47,100
85,09:50:59,3338.285,150
86,09:50:35,3339.8542,100
87,09:50:33,3340.86,100
88,09:50:26,3339.76,100
89,09:50:25,3340.71,100
90,09:50:16,3340.91,100
91,09:50:16,3340.2,100
92,09:50:06,3340.375,100
93,09:50:04,3340.0,100
94,09:49:46,3338.9,100
95,09:49:44,3338.895,100
96,09:49:43,3339.1,100
97,09:49:43,3339.09,100
98,09:49:43,3339.09,100
99,09:49:43,3339.08,100
100,09:49:24,3338.09,100
101,09:49:22,3337.29,100
102,09:49:22,3337.25,100
103,09:49:22,3337.49,100
104,09:49:22,3337.44,100
105,09:49:09,3339.4684,100
106,09:49:00,3339.05,100
107,09:48:58,3338.15,100
108,09:48:42,3339.57,100
109,09:48:42,3339.54,100
110,09:48:42,3340.07,100
111,09:48:41,3340.215,100
112,09:48:34,3340.7384,300
113,09:48:29,3340.765,100
114,09:48:26,3340.06,200
115,09:48:21,3340.11,100
116,09:48:21,3340.12,100
117,09:48:19,3340.28,100
118,09:48:13,3341.04,100
119,09:48:00,3339.745,100
120,09:47:43,3339.41,100
121,09:47:34,3339.435,100
122,09:47:33,3339.95,100
123,09:47:27,3337.24,100
124,09:47:27,3337.24,100
125,09:47:25,3336.7796,100
126,09:47:17,3336.71,100
127,09:47:14,3337.02,100
128,09:47:14,3337.01,100
129,09:47:14,3337.01,100
130,09:47:14,3337.0,100
131,09:47:11,3337.27,100
132,09:47:11,3337.27,100
133,09:47:05,3337.73,100
134,09:46:55,3337.7699,100
135,09:46:55,3336.93,100
136,09:46:55,3337.49,100
137,09:46:55,3337.48,100
138,09:46:55,3337.37,100
139,09:46:53,3337.93,250
140,09:46:53,3337.54,100
141,09:46:45,3337.5,200
142,09:46:42,3338.15,100
143,09:46:39,3338.779,140
144,09:46:38,3337.3701,100
145,09:46:32,3338.44,100
146,09:46:23,3337.27,100
147,09:46:21,3338.3566,300
148,09:46:21,3336.7249,1250
149,09:46:14,3337.805,100
150,09:46:12,3337.98,102
151,09:46:12,3337.96,100
152,09:46:08,3336.31,200
153,09:46:04,3336.15,1100
154,09:46:03,3335.538,1250
155,09:46:02,3334.7628,240
156,09:45:58,3335.0,100
157,09:45:56,3335.315,100
158,09:45:55,3334.735,111
159,09:45:55,3335.8415,115
160,09:45:52,3334.35,100
161,09:45:43,3332.84,100
162,09:45:20,3332.22,100
163,09:45:20,3332.23,112
164,09:45:09,3332.13,100
165,09:45:08,3333.6836,140
166,09:45:03,3333.63,100
167,09:45:03,3334.21,100
168,09:45:03,3334.21,100
169,09:45:03,3334.16,100
170,09:45:03,3334.15,100
171,09:45:02,3334.975,100
172,09:45:00,3334.97,100
173,09:44:59,3334.96,160
174,09:44:41,3332.41,100
175,09:44:41,3331.87,100
176,09:44:41,3332.38,100
177,09:44:38,3330.925,100
178,09:44:26,3330.2,100
179,09:44:23,3329.64,100
180,09:44:22,3329.63,100
181,09:44:18,3329.5,100
182,09:44:18,3329.49,100
183,09:44:16,3331.1,100
184,09:44:05,3330.06,100
185,09:44:05,3330.39,100
186,09:44:05,3330.39,100
187,09:44:05,3330.38,100
188,09:43:46,3330.7125,100
189,09:43:41,3330.0,125
190,09:43:36,3330.41,100
191,09:43:22,3330.2905,100
192,09:43:16,3330.015,100
193,09:43:10,3330.0,458
194,09:43:10,3330.0,137
195,09:43:10,3330.0,147
196,09:43:10,3330.0,100
197,09:43:10,3330.6,100
198,09:43:03,3331.4963,100
199,09:43:03,3331.42,100
200,09:42:52,3331.99,100
201,09:42:37,3332.45,100
202,09:42:26,3332.0,100
203,09:42:26,3333.15,100
204,09:42:26,3333.11,100
205,09:42:23,3333.605,100
206,09:42:14,3334.01,100
207,09:42:08,3334.455,126
208,09:42:08,3333.81,100
209,09:42:03,3334.57,100
210,09:42:01,3334.575,100
211,09:41:58,3335.0,100
212,09:41:58,3335.0,100
213,09:41:56,3334.22,100
214,09:41:53,3333.38,100
215,09:41:53,3333.38,100
216,09:41:44,3333.01,100
217,09:41:44,3333.0,260
218,09:41:42,3333.38,100
219,09:41:42,3333.2834,100
220,09:41:41,3333.51,100
221,09:41:36,3334.8599,100
222,09:41:35,3334.67,100
223,09:41:34,3333.85,100
224,09:41:34,3334.21,100
225,09:41:30,3334.2,100
226,09:41:26,3333.65,100
227,09:41:05,3333.3609,100
228,09:40:55,3332.46,100
229,09:40:55,3332.47,100
230,09:40:48,3331.5,100
231,09:40:48,3332.04,100
232,09:40:48,3332.0,130
233,09:40:48,3332.0,137
234,09:40:35,3332.85,100
235,09:40:34,3333.93,100
236,09:40:34,3333.43,100
237,09:40:34,3333.43,100
238,09:40:31,3333.5,675
239,09:40:31,3333.5,100
240,09:40:31,3333.47,100
241,09:40:04,3328.52,100
242,09:40:04,3328.67,100
243,09:40:01,3329.61,100
244,09:40:01,3329.21,100
245,09:39:54,3330.3,100
246,09:39:42,3330.96,100
247,09:39:38,3329.48,100
248,09:39:38,3329.47,100
249,09:39:37,3328.845,100
250,09:39:37,3328.68,100
251,09:39:37,3328.87,100
252,09:39:36,3329.46,100
253,09:39:35,3329.05,100
254,09:39:35,3329.81,100
255,09:39:34,3329.81,100
256,09:39:25,3329.21,100
257,09:39:19,3329.835,100
258,09:39:19,3329.835,100
259,09:39:19,3329.83,100
260,09:39:19,3330.22,100
261,09:39:18,3331.205,100
262,09:39:13,3332.0,100
263,09:39:07,3332.53,100
264,09:39:06,3331.92,100
265,09:39:06,3331.96,100
266,09:39:06,3331.77,100
267,09:39:06,3332.77,100
268,09:39:06,3331.77,100
269,09:39:06,3331.77,100
270,09:39:06,3331.41,100
271,09:39:03,3332.06,100
272,09:39:03,3332.13,100
273,09:39:03,3332.0,100
274,09:39:03,3332.2,100
275,09:39:03,3332.19,100
276,09:39:03,3332.15,100
277,09:38:52,3332.9775,100
278,09:38:49,3332.785,100
279,09:38:49,3332.74,100
280,09:38:47,3332.32,100
281,09:38:44,3332.64,100
282,09:38:44,3333.4,166
283,09:38:43,3333.325,100
284,09:38:43,3333.55,100
285,09:38:38,3333.72,100
286,09:38:26,3332.56,100
287,09:38:20,3332.49,100
288,09:38:14,3331.4633,300
289,09:38:12,3331.52,145
290,09:38:11,3331.52,225
291,09:38:11,3332.07,100
292,09:38:10,3331.01,100
293,09:38:10,3331.0,200
294,09:38:10,3331.0,200
295,09:38:10,3331.48,100
296,09:37:54,3332.505,100
297,09:37:53,3331.5984,160
298,09:37:51,3332.17,100
299,09:37:37,3332.36,100
300,09:37:37,3332.36,100
301,09:37:37,3332.34,100
302,09:37:37,3332.34,100
303,09:37:37,3332.32,100
304,09:37:37,3332.0,1250
305,09:37:35,3331.11,100
306,09:37:35,3331.2,100
307,09:37:35,3331.22,100
308,09:37:35,3330.9,100
309,09:37:35,3330.02,100
310,09:37:35,3330.0,100
311,09:37:35,3330.21,100
312,09:37:32,3332.25,100
313,09:37:24,3332.07,125
314,09:37:22,3331.62,100
315,09:37:22,3332.12,100
316,09:37:22,3332.11,100
317,09:37:11,3331.865,100
318,09:37:11,3331.43,100
319,09:37:10,3332.64,300
320,09:37:06,3331.22,100
321,09:37:01,3332.08,100
322,09:37:01,3332.18,100
323,09:37:01,3331.5,100
324,09:37:00,3330.82,200
325,09:37:00,3331.05,100
326,09:37:00,3331.12,100
327,09:36:55,3332.68,100
328,09:36:54,3332.59,100
329,09:36:54,3331.97,500
330,09:36:52,3331.585,100
331,09:36:52,3331.69,500
332,09:36:51,3330.56,100
333,09:36:51,3330.53,100
334,09:36:51,3329.945,500
335,09:36:51,3330.56,100
336,09:36:51,3330.45,100
337,09:36:51,3329.945,100
338,09:36:50,3329.945,500
339,09:36:41,3329.99,100
340,09:36:41,3329.33,100
341,09:36:32,3328.85,100
342,09:36:31,3328.84,100
343,09:36:31,3328.877,100
344,09:36:31,3328.83,100
345,09:36:31,3329.14,100
346,09:36:31,3329.06,100
347,09:36:31,3330.0,100
348,09:36:31,3330.0,100
349,09:36:31,3330.0,100
350,09:36:31,3330.74,100
351,09:36:31,3330.74,100
352,09:36:24,3330.88,100
353,09:36:24,3330.84,100
354,09:36:24,3330.79,102
355,09:36:14,3332.46,120
356,09:36:14,3332.72,100
357,09:36:14,3332.7201,100
358,09:36:14,3332.721,100
359,09:36:12,3333.2,100
360,09:36:09,3331.71,102
361,09:36:09,3331.71,100
362,09:36:06,3331.4426,100
363,09:36:00,3332.0,100
364,09:36:00,3332.87,100
365,09:36:00,3333.0,100
366,09:36:00,3333.2,100
367,09:35:49,3334.35,100
368,09:35:49,3334.24,100
369,09:35:49,3334.76,100
370,09:35:44,3335.0,207
371,09:35:39,3335.61,100
372,09:35:27,3334.3532,100
373,09:35:24,3333.8592,100
374,09:35:13,3334.79,300
375,09:35:11,3334.435,200
376,09:35:10,3333.98,100
377,09:35:10,3334.77,100
378,09:35:08,3333.11,100
379,09:35:08,3333.16,100
380,09:35:02,3333.938,150
381,09:34:56,3332.765,100
382,09:34:56,3332.76,100
383,09:34:52,3333.285,100
384,09:34:52,3333.285,100
385,09:34:52,3333.285,400
386,09:34:52,3333.285,100
387,09:34:52,3333.285,200
388,09:34:50,3332.52,100
389,09:34:49,3332.87,400
390,09:34:48,3333.04,200
391,09:34:48,3333.01,100
392,09:34:48,3333.34,100
393,09:34:47,3334.375,100
394,09:34:46,3334.56,100
395,09:34:43,3335.015,100
396,09:34:43,3335.01,100
397,09:34:43,3335.48,100
398,09:34:43,3335.245,100
399,09:34:43,3335.48,100
400,09:34:43,3336.1675,100
401,09:34:43,3335.78,100
402,09:34:43,3336.55,100
403,09:34:37,3335.42,100
404,09:34:34,3335.87,100
405,09:34:34,3335.87,100
406,09:34:33,3336.73,100
407,09:34:32,3335.895,100
408,09:34:31,3335.3271,100
409,09:34:27,3335.42,456
410,09:34:26,3335.42,256
411,09:34:25,3337.4,100
412,09:34:25,3337.4,100
413,09:34:25,3337.31,100
414,09:34:25,3337.95,100
415,09:34:25,3338.03,100
416,09:34:17,3335.46,100
417,09:34:17,3335.05,100
418,09:34:17,3335.17,100
419,09:34:15,3337.94,100
420,09:34:05,3339.55,106
421,09:34:05,3339.55,115
422,09:34:04,3340.0,190
423,09:34:03,3340.0,100
424,09:34:03,3340.575,100
425,09:34:03,3340.6575,100
426,09:34:03,3340.575,100
427,09:34:01,3339.01,100
428,09:34:01,3339.011,100
429,09:34:01,3340.0,100
430,09:34:01,3340.69,100
431,09:34:00,3341.98,100
432,09:33:54,3341.94,100
433,09:33:54,3340.97,100
434,09:33:54,3341.94,100
435,09:33:54,3341.93,100
436,09:33:53,3340.07,100
437,09:33:49,3340.5045,1010
438,09:33:43,3341.03,100
439,09:33:43,3341.031,100
440,09:33:43,3341.88,100
441,09:33:36,3344.01,100
442,09:33:36,3344.01,100
443,09:33:36,3344.01,100
444,09:33:36,3344.01,100
445,09:33:36,3344.01,100
446,09:33:36,3344.01,100
447,09:33:36,3343.005,100
448,09:33:36,3343.7,100
449,09:33:36,3344.0,100
450,09:33:36,3344.01,105
451,09:33:36,3344.01,100
452,09:33:33,3342.548,100
453,09:33:19,3346.885,100
454,09:33:16,3346.89,100
455,09:33:12,3346.0589,100
456,09:33:09,3346.29,100
457,09:33:09,3347.9575,100
458,09:33:09,3347.905,100
459,09:33:07,3348.8808,100
460,09:33:05,3348.85,100
461,09:33:05,3348.3125,174
462,09:33:05,3349.08,100
463,09:33:04,3349.67,100
464,09:33:04,3349.73,100
465,09:33:04,3349.075,100
466,09:33:03,3349.08,100
467,09:33:02,3349.0,100
468,09:33:02,3349.22,100
469,09:33:00,3349.0,100
470,09:32:49,3349.665,100
471,09:32:48,3348.5,100
472,09:32:48,3349.4065,100
473,09:32:29,3350.98,100
474,09:32:27,3351.06,100
475,09:32:26,3351.06,100
476,09:32:24,3352.9699,100
477,09:32:20,3352.035,100
478,09:32:20,3352.035,100
479,09:32:19,3352.03,200
480,09:32:17,3352.0,233
481,09:32:17,3350.5,200
482,09:32:17,3350.52,100
483,09:32:17,3351.0,300
484,09:32:16,3349.75,100
485,09:32:16,3350.39,100
486,09:32:16,3350.51,102
487,09:32:15,3349.755,100
488,09:32:13,3350.0,100
489,09:32:08,3348.985,100
490,09:32:08,3348.58,100
491,09:31:54,3348.95,100
492,09:31:49,3347.99,100
493,09:31:45,3349.27,100
494,09:31:45,3349.52,100
495,09:31:45,3349.6,100
496,09:31:40,3351.28,100
497,09:31:37,3351.11,100
498,09:31:33,3351.59,100
499,09:31:33,3352.0,400
500,09:31:33,3352.0,100
501,09:31:33,3351.46,100
502,09:31:33,3351.46,100
503,09:31:33,3351.45,100
504,09:31:33,3351.46,100
505,09:31:31,3350.415,100
506,09:31:30,3351.05,100
507,09:31:30,3351.4565,100
508,09:31:30,3351.28,100
509,09:31:30,3351.08,200
510,09:31:30,3350.485,100
511,09:31:29,3351.49,100
512,09:31:24,3350.51,100
513,09:31:23,3351.18,100
514,09:31:17,3351.99,100
515,09:31:16,3350.84,100
516,09:31:16,3350.92,100
517,09:31:16,3350.9,100
518,09:31:12,3351.95,100
519,09:31:12,3351.11,100
520,09:31:12,3351.98,100
521,09:31:08,3352.07,100
522,09:31:05,3350.65,100
523,09:31:05,3350.52,100
524,09:31:05,3350.65,100
525,09:31:04,3349.42,100
526,09:31:03,3349.42,100
527,09:31:02,3349.3475,100
528,09:31:02,3350.0,200
529,09:31:02,3349.375,100
530,09:31:02,3349.3575,100
531,09:31:01,3349.375,100
532,09:30:57,3349.825,150
533,09:30:56,3349.8,100
534,09:30:56,3349.85,100
535,09:30:56,3349.85,100
536,09:30:56,3349.85,100
537,09:30:53,3352.19,100
538,09:30:49,3349.48,100
539,09:30:46,3349.665,100
540,09:30:45,3350.54,100
541,09:30:45,3350.8075,100
542,09:30:45,3350.5575,100
543,09:30:44,3350.8692,100
544,09:30:44,3352.5,200
545,09:30:44,3352.5,200
546,09:30:44,3352.5,360
547,09:30:41,3349.7437,100
548,09:30:36,3349.93,100
549,09:30:36,3349.93,100
550,09:30:34,3349.0,386
551,09:30:32,3348.4,100
552,09:30:30,3346.365,100
553,09:30:30,3346.33,100
554,09:30:30,3346.805,100
555,09:30:30,3347.595,2500
556,09:30:21,3347.41,100
557,09:30:20,3346.79,100
558,09:30:15,3345.89,100
559,09:30:13,3346.25,100
560,09:30:11,3346.0925,100
561,09:30:11,3345.98,100
562,09:30:07,3344.95,175
563,09:30:07,3344.99,100
564,09:30:07,3345.0,118
565,09:30:07,3345.0,113
566,09:30:07,3345.0,115
567,09:30:07,3345.0,115
568,09:30:07,3345.0,115
569,09:30:07,3345.0,113
570,09:30:07,3345.0,113
571,09:30:07,3345.0,198
572,09:30:07,3345.0,100
573,09:30:07,3345.0,200
574,09:30:05,3344.26,100
575,09:30:04,3344.9,100
576,09:30:03,3343.99,115
577,09:30:03,3343.99,113
578,09:30:02,3343.61,5
579,09:30:02,3343.61,2
580,09:30:02,3343.61,10
581,09:30:02,3343.61,1
582,09:30:02,3343.61,6
583,09:30:02,3343.61,2
584,09:30:02,3343.61,2
585,09:30:02,3343.61,2
586,09:30:02,3343.61,35
587,09:30:02,3343.61,230
588,09:30:02,3343.61,10
589,09:30:02,3343.61,1
590,09:30:02,3343.61,15
591,09:30:02,3343.61,60
592,09:30:02,3343.61,10
593,09:30:02,3343.61,3
594,09:30:02,3343.61,300
595,09:30:02,3343.61,1
596,09:30:02,3343.61,10
597,09:30:02,3343.61,10
598,09:30:02,3343.61,3
599,09:30:02,3343.61,1
600,09:30:02,3343.61,2
601,09:30:02,3343.61,5
602,09:30:02,3343.61,5
603,09:30:02,3343.61,6
604,09:30:02,3343.61,30
605,09:30:02,3343.61,5
606,09:30:02,3343.61,3
607,09:30:02,3343.61,15
608,09:30:02,3343.61,2
609,09:30:02,3343.61,1
610,09:30:02,3343.61,5
611,09:30:02,3343.61,20
612,09:30:02,3343.61,5
613,09:30:02,3343.61,3
614,09:30:02,3343.61,24
615,09:30:02,3343.61,2
616,09:30:02,3343.61,1
617,09:30:02,3343.61,18
618,09:30:02,3343.61,1
619,09:30:02,3343.61,18
620,09:30:02,3343.61,1
621,09:30:02,3343.61,3
622,09:30:02,3343.61,1
623,09:30:02,3343.61,1
624,09:30:02,3343.61,1
625,09:30:02,3343.61,63
626,09:30:02,3343.61,5
627,09:30:02,3343.61,8
628,09:30:02,3343.61,1
629,09:30:02,3343.61,10
630,09:30:02,3343.61,2
631,09:30:02,3343.61,1
632,09:30:02,3343.61,4
633,09:30:02,3343.61,3
634,09:30:02,3343.61,6
635,09:30:02,3343.61,6
636,09:30:02,3343.61,2
637,09:30:02,3343.61,2
638,09:30:02,3343.61,7
639,09:30:02,3343.61,8
640,09:30:02,3343.61,2
641,09:30:02,3343.61,2
642,09:30:02,3343.61,7
643,09:30:02,3343.61,3
644,09:30:02,3343.61,2
645,09:30:02,3343.61,1
646,09:30:02,3343.61,4
647,09:30:02,3343.61,1
648,09:30:02,3343.61,3
649,09:30:02,3343.61,2
650,09:30:02,3343.61,8
651,09:30:02,3343.61,1
652,09:30:02,3343.61,4
653,09:30:02,3343.61,5
654,09:30:02,3343.61,2
655,09:30:02,3343.61,7
656,09:30:02,3343.61,15
657,09:30:02,3343.61,10
658,09:30:02,3343.61,1
659,09:30:02,3343.61,2
660,09:30:02,3343.61,1
661,09:30:02,3343.61,1
662,09:30:02,3343.61,1
663,09:30:02,3343.61,3
664,09:30:02,3343.61,1
665,09:30:02,3343.61,1
666,09:30:02,3343.61,1
667,09:30:02,3343.61,1
668,09:30:02,3343.61,9
669,09:30:02,3343.61,2
670,09:30:02,3343.61,1
671,09:30:02,3343.61,3
672,09:30:02,3343.61,2
673,09:30:02,3343.61,1
674,09:30:02,3343.61,1
675,09:30:02,3343.61,1
676,09:30:02,3343.61,1
677,09:30:02,3343.61,1
678,09:30:02,3343.61,2
679,09:30:02,3343.61,1
680,09:30:02,3343.61,1
681,09:30:02,3343.61,2
682,09:30:02,3343.61,2
683,09:30:02,3343.61,4
684,09:30:02,3343.61,3
685,09:30:02,3343.61,1
686,09:30:02,3343.61,1
687,09:30:02,3343.61,7
688,09:30:02,3343.61,2
689,09:30:02,3343.61,5
690,09:30:02,3343.61,1
691,09:30:02,3343.61,8
692,09:30:02,3343.61,30
693,09:30:02,3343.61,10
694,09:30:02,3343.61,2
695,09:30:02,3343.61,1
696,09:30:02,3343.61,1
697,09:30:02,3343.61,3
698,09:30:02,3343.61,2
699,09:30:02,3343.61,5
700,09:30:02,3343.61,1
701,09:30:02,3343.61,1
702,09:30:02,3343.61,2
703,09:30:02,3343.61,1
704,09:30:02,3343.61,7
705,09:30:02,3343.61,4
706,09:30:02,3343.61,1
707,09:30:02,3343.61,2
708,09:30:02,3343.61,1
709,09:30:02,3343.61,1
710,09:30:02,3343.61,10
711,09:30:02,3343.61,2
712,09:30:02,3343.61,2
713,09:30:02,3343.61,1
714,09:30:02,3343.61,5
715,09:30:02,3343.61,296
716,09:30:02,3343.61,2
717,09:30:02,3343.61,2
718,09:30:02,3343.61,1
719,09:30:02,3343.61,8
720,09:30:02,3343.61,1
721,09:30:02,3343.61,1
722,09:30:02,3343.61,1
723,09:30:02,3343.61,20
724,09:30:02,3343.61,1
725,09:30:02,3343.61,1
726,09:30:02,3343.61,2
727,09:30:02,3343.61,2
728,09:30:02,3343.61,7
729,09:30:02,3343.61,1
730,09:30:02,3343.61,2
731,09:30:02,3343.61,1
732,09:30:02,3343.61,1
733,09:30:02,3343.61,1
734,09:30:02,3343.61,4
735,09:30:02,3343.61,3
736,09:30:02,3343.61,200
737,09:30:02,3343.61,3
738,09:30:02,3343.61,100
739,09:30:02,3343.61,1
740,09:30:02,3343.61,1
741,09:30:02,3343.61,1
742,09:30:02,3343.61,1
743,09:30:02,3343.61,1
744,09:30:02,3343.61,1
745,09:30:02,3343.61,1
746,09:30:02,3343.61,2
747,09:30:02,3343.61,1
748,09:30:02,3343.61,1
749,09:30:02,3343.61,1
750,09:30:02,3343.61,1
751,09:30:02,3343.61,1
752,09:30:02,3343.61,2
753,09:30:02,3343.61,1
754,09:30:02,3343.61,1
755,09:30:02,3343.61,1
756,09:30:02,3343.61,1
757,09:30:02,3343.61,1
758,09:30:02,3343.61,1
759,09:30:02,3343.61,1
760,09:30:02,3343.61,1
761,09:30:02,3343.61,1
762,09:30:02,3343.61,1
763,09:30:02,3343.61,1
764,09:30:02,3343.61,1
765,09:30:02,3343.61,1
766,09:30:02,3343.61,1
767,09:30:02,3343.61,1
768,09:30:02,3343.61,1
769,09:30:02,3343.61,1
770,09:30:02,3343.61,1
771,09:30:02,3343.61,1
772,09:30:02,3343.61,1
773,09:30:02,3343.61,1
774,09:30:02,3343.61,1
775,09:30:02,3343.61,1
776,09:30:02,3343.61,1
777,09:30:02,3343.61,1
778,09:30:02,3343.61,1
779,09:30:02,3343.61,1
780,09:30:02,3343.61,1
781,09:30:02,3343.61,1
782,09:30:02,3343.61,1
783,09:30:02,3343.61,3
784,09:30:02,3343.61,1
785,09:30:02,3343.61,1
786,09:30:02,3343.61,100
787,09:30:02,3343.61,1
788,09:30:02,3343.61,1
789,09:30:02,3343.61,2
790,09:30:02,3343.61,2
791,09:30:02,3343.61,1
792,09:30:02,3343.61,2
793,09:30:02,3343.61,1
794,09:30:02,3343.61,1
795,09:30:02,3343.61,1
796,09:30:02,3343.61,1
797,09:30:02,3343.61,1
798,09:30:02,3343.61,1
799,09:30:02,3343.61,1
800,09:30:02,3343.61,2
801,09:30:02,3343.61,2
802,09:30:02,3343.61,20
803,09:30:02,3343.61,1
804,09:30:02,3343.61,1
805,09:30:02,3343.61,1
806,09:30:02,3343.61,1
807,09:30:02,3343.61,1
808,09:30:02,3343.61,1
809,09:30:02,3343.61,2
810,09:30:02,3343.61,3
811,09:30:02,3343.61,1
812,09:30:02,3343.61,1
813,09:30:02,3343.61,5
814,09:30:02,3343.61,3
815,09:30:02,3343.61,1
816,09:30:02,3343.61,2
817,09:30:02,3343.61,5
818,09:30:02,3343.61,15
819,09:30:02,3343.61,1
820,09:30:02,3343.61,1
821,09:30:02,3343.61,15
822,09:30:02,3343.61,8
823,09:30:02,3343.61,1
824,09:30:02,3343.61,5
825,09:30:02,3343.61,2
826,09:30:02,3343.61,3
827,09:30:02,3343.61,1
828,09:30:02,3343.61,1
829,09:30:02,3343.61,1
830,09:30:02,3343.61,7
831,09:30:02,3343.61,1
832,09:30:02,3343.61,1
833,09:30:02,3343.61,1
834,09:30:02,3343.61,1
835,09:30:02,3343.61,1
836,09:30:02,3343.61,1
837,09:30:02,3343.61,5
838,09:30:02,3343.61,1
839,09:30:02,3343.61,1
840,09:30:02,3343.61,3
841,09:30:02,3343.61,6
842,09:30:02,3343.61,12
843,09:30:02,3343.61,15
844,09:30:02,3343.61,3
845,09:30:02,3343.61,1
846,09:30:02,3343.61,1
847,09:30:02,3343.61,6
848,09:30:02,3343.61,3
849,09:30:02,3343.61,1
850,09:30:02,3343.61,2
851,09:30:02,3343.61,1
852,09:30:02,3343.61,1
853,09:30:02,3343.61,2
854,09:30:02,3343.61,1
855,09:30:02,3343.61,29
856,09:30:02,3343.61,3
857,09:30:02,3343.61,9
858,09:30:02,3343.61,1
859,09:30:02,3343.61,3
860,09:30:02,3343.61,1
861,09:30:02,3343.61,1
862,09:30:02,3343.61,2
863,09:30:02,3343.61,1
864,09:30:02,3343.61,10
865,09:30:02,3343.61,1
866,09:30:02,3343.61,2
867,09:30:02,3343.61,1
868,09:30:02,3343.61,1
869,09:30:02,3343.61,6
870,09:30:02,3343.61,2
871,09:30:02,3343.61,1
872,09:30:02,3343.61,1
873,09:30:02,3343.61,1
874,09:30:02,3343.61,1
875,09:30:02,3343.61,3
876,09:30:02,3343.61,1
877,09:30:02,3343.61,3
878,09:30:02,3343.61,5
879,09:30:02,3343.61,5
880,09:30:02,3343.61,11
881,09:30:02,3343.61,1
882,09:30:02,3343.61,2
883,09:30:02,3343.61,2
884,09:30:02,3343.61,2
885,09:30:02,3343.61,1
886,09:30:02,3343.61,1
887,09:30:02,3343.61,1
888,09:30:02,3343.61,1
889,09:30:02,3343.61,1
890,09:30:02,3343.61,1
891,09:30:02,3343.61,1
892,09:30:02,3343.61,1
893,09:30:02,3343.61,1
894,09:30:02,3343.61,1
895,09:30:02,3343.61,1
896,09:30:02,3343.61,1
897,09:30:02,3343.61,1
898,09:30:02,3343.61,1
899,09:30:02,3343.61,1
900,09:30:02,3343.61,1
901,09:30:02,3343.61,1
902,09:30:02,3343.61,1
903,09:30:02,3343.61,1
904,09:30:02,3343.61,1
905,09:30:02,3343.61,1
906,09:30:02,3343.61,1
907,09:30:02,3343.61,1
908,09:30:02,3343.61,1
909,09:30:02,3343.61,1
910,09:30:02,3343.61,1
911,09:30:02,3343.61,1
912,09:30:02,3343.61,1
913,09:30:02,3343.61,1
914,09:30:02,3343.61,1
915,09:30:02,3343.61,1
916,09:30:02,3343.61,1
917,09:30:02,3343.61,1
918,09:30:02,3343.61,1
919,09:30:02,3343.61,1
920,09:30:02,3343.61,1
921,09:30:02,3343.61,1
922,09:30:02,3343.61,1
923,09:30:02,3343.61,1
924,09:30:02,3343.61,1
925,09:30:02,3343.61,1
926,09:30:02,3343.61,1
927,09:30:02,3343.61,1
928,09:30:02,3343.61,1
929,09:30:02,3343.61,1
930,09:30:02,3343.61,1
931,09:30:02,3343.61,1
932,09:30:02,3343.61,2
933,09:30:02,3343.61,1
934,09:30:02,3343.61,1
935,09:30:02,3343.61,1
936,09:30:02,3343.61,1
937,09:30:02,3343.61,1
938,09:30:02,3343.61,1
939,09:30:02,3343.61,1
940,09:30:02,3343.61,1
941,09:30:02,3343.61,1
942,09:30:02,3343.61,1
943,09:30:02,3343.61,1
944,09:30:02,3343.61,1
945,09:30:02,3343.61,1
946,09:30:02,3343.61,1
947,09:30:02,3343.61,1
948,09:30:02,3343.61,1
949,09:30:02,3343.61,1
950,09:30:02,3343.61,1
951,09:30:02,3343.61,1
952,09:30:02,3343.61,1
953,09:30:02,3343.61,1
954,09:30:02,3343.61,1
955,09:30:02,3343.61,1
956,09:30:02,3343.61,1
957,09:30:02,3343.61,1
958,09:30:02,3343.61,1
959,09:30:02,3343.61,1
960,09:30:02,3343.61,1
961,09:30:02,3343.61,1
962,09:30:02,3343.61,1
963,09:30:02,3343.61,1
964,09:30:02,3343.61,1
965,09:30:02,3343.61,1
966,09:30:02,3343.61,1
967,09:30:02,3343.61,1
968,09:30:02,3343.61,1
969,09:30:02,3343.61,1
970,09:30:02,3343.61,1
971,09:30:02,3343.61,1
972,09:30:02,3343.61,1
973,09:30:02,3343.61,1
974,09:30:02,3343.61,1
975,09:30:02,3343.61,1
976,09:30:02,3343.61,1
977,09:30:02,3343.61,1
978,09:30:02,3343.61,1
979,09:30:02,3343.61,1
980,09:30:02,3343.61,1
981,09:30:02,3343.61,1
982,09:30:02,3343.61,1
983,09:30:02,3343.61,1
984,09:30:02,3343.61,1
985,09:30:02,3343.61,1
986,09:30:02,3343.61,1
987,09:30:02,3343.61,1
988,09:30:02,3343.61,1
989,09:30:02,3343.61,1
990,09:30:02,3343.61,1
991,09:30:02,3343.61,1
992,09:30:02,3343.61,1
993,09:30:02,3343.61,1
994,09:30:02,3343.61,1
995,09:30:02,3343.61,1
996,09:30:02,3343.61,1
997,09:30:02,3343.61,1
998,09:30:02,3343.61,1
999,09:30:02,3343.61,1
1000,09:30:02,3343.61,1
1001,09:30:02,3343.61,1
1002,09:30:02,3343.61,1
1003,09:30:02,3343.61,1
1004,09:30:02,3343.61,1
1005,09:30:02,3343.61,1
1006,09:30:02,3343.61,1
1007,09:30:02,3343.61,1
1008,09:30:02,3343.61,1
1009,09:30:02,3343.61,1
1010,09:30:02,3343.61,1
1011,09:30:02,3343.61,1
1012,09:30:02,3343.61,1
1013,09:30:02,3343.61,1
1014,09:30:02,3343.61,1
1015,09:30:02,3343.61,1
1016,09:30:02,3343.61,1
1017,09:30:02,3343.61,1
1018,09:30:02,3343.61,1
1019,09:30:02,3343.61,1
1020,09:30:02,3343.61,1
1021,09:30:02,3343.61,1
1022,09:30:02,3343.61,3
1023,09:30:02,3343.61,4
1024,09:30:02,3343.61,1
1025,09:30:02,3343.61,3
1026,09:30:02,3343.61,1
1027,09:30:02,3343.61,1
1028,09:30:02,3343.61,2
1029,09:30:02,3343.61,1
1030,09:30:02,3343.61,2
1031,09:30:02,3343.61,3
1032,09:30:02,3343.61,1
1033,09:30:02,3343.61,1
1034,09:30:02,3343.61,29
1035,09:30:02,3343.61,10
1036,09:30:02,3343.61,4
1037,09:30:02,3343.61,1
1038,09:30:02,3343.61,1
1039,09:30:02,3343.61,1
1040,09:30:02,3343.61,3
1041,09:30:02,3343.61,6
1042,09:30:02,3343.61,3
1043,09:30:02,3343.61,1
1044,09:30:02,3343.61,3
1045,09:30:02,3343.61,1
1046,09:30:02,3343.61,1
1047,09:30:02,3343.61,3
1048,09:30:02,3343.61,2
1049,09:30:02,3343.61,1
1050,09:30:02,3343.61,3
1051,09:30:02,3343.61,1
1052,09:30:02,3343.61,3
1053,09:30:02,3343.61,2
1054,09:30:02,3343.61,1
1055,09:30:02,3343.61,2
1056,09:30:02,3343.61,1
1057,09:30:02,3343.61,1
1058,09:30:02,3343.61,1
1059,09:30:02,3343.61,3
1060,09:30:02,3343.61,10
1061,09:30:02,3343.61,1
1062,09:30:02,3343.61,1
1063,09:30:02,3343.61,5
1064,09:30:02,3343.61,1
1065,09:30:02,3343.61,1
1066,09:30:02,3343.61,6
1067,09:30:02,3343.61,100
1068,09:30:02,3343.61,3
1069,09:30:02,3343.61,1
1070,09:30:02,3343.61,10
1071,09:30:02,3343.61,29
1072,09:30:02,3343.61,1
1073,09:30:02,3343.61,1
1074,09:30:02,3343.61,12
1075,09:30:02,3343.61,1
1076,09:30:02,3343.61,3
1077,09:30:02,3343.61,4
1078,09:30:02,3343.61,1
1079,09:30:02,3343.61,2
1080,09:30:02,3343.61,2
1081,09:30:02,3343.61,1
1082,09:30:02,3343.61,1
1083,09:30:02,3343.61,1
1084,09:30:02,3343.61,2
1085,09:30:02,3343.61,2
1086,09:30:02,3343.61,2
1087,09:30:02,3343.61,4
1088,09:30:02,3343.61,3
1089,09:30:02,3343.61,2
1090,09:30:02,3343.61,9
1091,09:30:02,3343.61,1
1092,09:30:02,3343.61,1
1093,09:30:02,3343.61,6
1094,09:30:02,3343.61,4
1095,09:30:02,3343.61,5
1096,09:30:02,3343.61,12
1097,09:30:02,3343.61,2
1098,09:30:02,3343.61,1
1099,09:30:02,3343.61,5
1100,09:30:02,3343.61,2
1101,09:30:02,3343.61,10
1102,09:30:02,3343.61,1
1103,09:30:02,3343.61,5
1104,09:30:02,3343.61,2
1105,09:30:02,3343.61,3
1106,09:30:02,3343.61,1
1107,09:30:02,3343.61,3
1108,09:30:02,3343.61,10
1109,09:30:02,3343.61,1
1110,09:30:02,3343.61,3
1111,09:30:02,3343.61,2
1112,09:30:02,3343.61,2
1113,09:30:02,3343.61,2
1114,09:30:02,3343.61,6
1115,09:30:02,3343.61,2
1116,09:30:02,3343.61,1
1117,09:30:02,3343.61,1
1118,09:30:02,3343.61,1
1119,09:30:02,3343.61,2
1120,09:30:02,3343.61,2
1121,09:30:02,3343.61,4
1122,09:30:02,3343.61,6
1123,09:30:02,3343.61,30
1124,09:30:02,3343.61,10
1125,09:30:02,3343.61,3
1126,09:30:02,3343.61,1
1127,09:30:02,3343.61,2
1128,09:30:02,3343.61,2
1129,09:30:02,3343.61,3
1130,09:30:02,3343.61,5
1131,09:30:02,3343.61,1
1132,09:30:02,3343.61,5
1133,09:30:02,3343.61,1
1134,09:30:02,3343.61,1
1135,09:30:02,3343.61,1
1136,09:30:02,3343.61,1
1137,09:30:02,3343.61,1
1138,09:30:02,3343.61,1
1139,09:30:02,3343.61,1
1140,09:30:02,3343.61,1
1141,09:30:02,3343.61,1
1142,09:30:02,3343.61,1
1143,09:30:02,3343.61,1
1144,09:30:02,3343.61,1
1145,09:30:02,3343.61,1
1146,09:30:02,3343.61,1
1147,09:30:02,3343.61,1
1148,09:30:02,3343.61,1
1149,09:30:02,3343.61,1
1150,09:30:02,3343.61,1
1151,09:30:02,3343.61,1
1152,09:30:02,3343.61,1
1153,09:30:02,3343.61,1
1154,09:30:02,3343.61,1
1155,09:30:02,3343.61,1
1156,09:30:02,3343.61,1
1157,09:30:02,3343.61,1
1158,09:30:02,3343.61,1
1159,09:30:02,3343.61,1
1160,09:30:02,3343.61,1
1161,09:30:02,3343.61,1
1162,09:30:02,3343.61,1
1163,09:30:02,3343.61,1
1164,09:30:02,3343.61,1
1165,09:30:02,3343.61,1
1166,09:30:02,3343.61,1
1167,09:30:02,3343.61,1
1168,09:30:02,3343.61,1
1169,09:30:02,3343.61,1
1170,09:30:02,3343.61,1
1171,09:30:02,3343.61,1
1172,09:30:02,3343.61,1
1173,09:30:02,3343.61,1
1174,09:30:02,3343.61,1
1175,09:30:02,3343.61,1
1176,09:30:02,3343.61,1
1177,09:30:02,3343.61,1
1178,09:30:02,3343.61,1
1179,09:30:02,3343.61,1
1180,09:30:02,3343.61,1
1181,09:30:02,3343.61,1
1182,09:30:02,3343.61,1
1183,09:30:02,3343.61,1
1184,09:30:02,3343.61,1
1185,09:30:02,3343.61,1
1186,09:30:02,3343.61,1
1187,09:30:02,3343.61,1
1188,09:30:02,3343.61,1
1189,09:30:02,3343.61,1
1190,09:30:02,3343.61,1
1191,09:30:02,3343.61,1
1192,09:30:02,3343.61,1
1193,09:30:02,3343.61,5
1194,09:30:02,3343.61,6
1195,09:30:02,3343.61,1
1196,09:30:02,3343.61,1
1197,09:30:02,3343.61,1
1198,09:30:02,3343.61,2
1199,09:30:02,3343.61,1
1200,09:30:02,3343.61,1
1201,09:30:02,3343.61,1
1202,09:30:02,3343.61,1
1203,09:30:02,3343.61,1
1204,09:30:02,3343.61,1
1205,09:30:02,3343.61,1
1206,09:30:02,3343.61,1
1207,09:30:02,3343.61,50
1208,09:30:02,3343.61,1
1209,09:30:02,3343.61,2
1210,09:30:02,3343.61,8
1211,09:30:02,3343.61,1
1212,09:30:02,3343.61,1
1213,09:30:02,3343.61,1
1214,09:30:02,3343.61,3
1215,09:30:02,3343.61,6
1216,09:30:02,3343.61,1
1217,09:30:02,3343.61,40
1218,09:30:02,3343.61,2
1219,09:30:02,3343.61,5
1220,09:30:02,3343.61,1
1221,09:30:02,3343.61,1
1222,09:30:02,3343.61,3
1223,09:30:02,3343.61,5
1224,09:30:02,3343.61,3
1225,09:30:02,3343.61,1
1226,09:30:02,3343.61,2
1227,09:30:02,3343.61,3
1228,09:30:02,3343.61,2
1229,09:30:02,3343.61,4
1230,09:30:02,3343.61,2
1231,09:30:02,3343.61,1
1232,09:30:02,3343.61,2
1233,09:30:02,3343.61,3
1234,09:30:02,3343.61,1
1235,09:30:02,3343.61,2
1236,09:30:02,3343.61,1
1237,09:30:02,3343.61,2
1238,09:30:02,3343.61,3
1239,09:30:02,3343.61,4
1240,09:30:02,3343.61,1
1241,09:30:02,3343.61,1
1242,09:30:02,3343.61,1
1243,09:30:02,3343.61,3
1244,09:30:02,3343.61,1
1245,09:30:02,3343.61,1
1246,09:30:02,3343.61,1
1247,09:30:02,3343.61,1
1248,09:30:02,3343.61,1
1249,09:30:02,3343.61,1
1250,09:30:02,3343.61,1
1251,09:30:02,3343.61,1
1252,09:30:02,3343.61,2
1253,09:30:02,3343.61,5
1254,09:30:02,3343.61,2
1255,09:30:02,3343.61,2
1256,09:30:02,3343.61,4
1257,09:30:02,3343.61,1
1258,09:30:02,3343.61,10
1259,09:30:02,3343.61,9
1260,09:30:02,3343.61,10
1261,09:30:02,3343.61,1
1262,09:30:02,3343.61,1
1263,09:30:02,3343.61,1
1264,09:30:02,3343.61,7
1265,09:30:02,3343.61,1
1266,09:30:02,3343.61,8
1267,09:30:02,3343.61,1
1268,09:30:02,3343.61,10
1269,09:30:02,3343.61,1
1270,09:30:02,3343.61,4
1271,09:30:02,3343.61,2
1272,09:30:02,3343.61,1
1273,09:30:02,3343.61,20
1274,09:30:02,3343.61,2
1275,09:30:02,3343.61,1
1276,09:30:02,3343.61,1
1277,09:30:02,3343.61,2
1278,09:30:02,3343.61,5
1279,09:30:02,3343.61,3
1280,09:30:02,3343.61,3
1281,09:30:02,3343.61,5
1282,09:30:02,3343.61,2
1283,09:30:02,3343.61,6
1284,09:30:02,3343.61,1
1285,09:30:02,3343.61,1
1286,09:30:02,3343.61,2
1287,09:30:02,3343.61,1
1288,09:30:02,3343.61,1
1289,09:30:02,3343.61,1
1290,09:30:02,3343.61,1
1291,09:30:02,3343.61,2
1292,09:30:02,3343.61,1
1293,09:30:02,3343.61,1
1294,09:30:02,3343.61,1
1295,09:30:02,3343.61,1
1296,09:30:02,3343.61,1
1297,09:30:02,3343.61,1
1298,09:30:02,3343.61,6
1299,09:30:02,3343.61,33
1300,09:30:02,3343.61,1
1301,09:30:02,3343.61,1
1302,09:30:02,3343.61,1
1303,09:30:02,3343.61,2
1304,09:30:02,3343.61,2
1305,09:30:02,3343.61,1
1306,09:30:02,3343.61,1
1307,09:30:02,3343.61,2
1308,09:30:02,3343.61,1
1309,09:30:02,3343.61,1
1310,09:30:02,3343.61,1
1311,09:30:02,3343.61,1
1312,09:30:02,3343.61,3
1313,09:30:02,3343.61,1
1314,09:30:02,3343.61,14
1315,09:30:02,3343.61,1
1316,09:30:02,3343.61,7
1317,09:30:02,3343.61,1
1318,09:30:02,3343.61,1
1319,09:30:02,3343.61,1
1320,09:30:02,3343.61,14
1321,09:30:02,3343.61,1
1322,09:30:02,3343.61,9
1323,09:30:02,3343.61,4
1324,09:30:02,3343.61,2
1325,09:30:02,3343.61,4
1326,09:30:02,3343.61,1
1327,09:30:02,3343.61,20
1328,09:30:02,3343.61,1
1329,09:30:02,3343.61,1
1330,09:30:02,3343.61,2
1331,09:30:02,3343.61,5
1332,09:30:02,3343.61,1
1333,09:30:02,3343.61,1
1334,09:30:02,3343.61,2
1335,09:30:02,3343.61,1
1336,09:30:02,3343.61,5
1337,09:30:02,3343.61,5
1338,09:30:02,3343.61,1
1339,09:30:02,3343.61,2
1340,09:30:02,3343.61,2
1341,09:30:02,3343.61,3
1342,09:30:02,3343.61,1
1343,09:30:02,3343.61,6
1344,09:30:02,3343.61,1
1345,09:30:02,3343.61,5
1346,09:30:02,3343.61,30
1347,09:30:02,3343.61,1
1348,09:30:02,3343.61,2
1349,09:30:02,3343.61,1
1350,09:30:02,3343.61,1
1351,09:30:02,3343.61,4
1352,09:30:02,3343.61,1
1353,09:30:02,3343.61,1
1354,09:30:02,3343.61,1
1355,09:30:02,3343.61,2
1356,09:30:02,3343.61,1
1357,09:30:02,3343.61,1
1358,09:30:02,3343.61,1
1359,09:30:02,3343.61,58
1360,09:30:02,3343.61,5
1361,09:30:02,3343.61,1
1362,09:30:02,3343.61,3
1363,09:30:02,3343.61,1
1364,09:30:02,3343.61,1
1365,09:30:02,3343.61,10
1366,09:30:02,3343.61,7
1367,09:30:02,3343.61,1
1368,09:30:02,3343.61,5
1369,09:30:02,3343.61,3
1370,09:30:02,3343.61,2
1371,09:30:02,3343.61,8
1372,09:30:02,3343.61,5
1373,09:30:02,3343.61,1
1374,09:30:02,3343.61,1
1375,09:30:02,3343.61,24
1376,09:30:02,3343.61,7
1377,09:30:02,3343.61,3
1378,09:30:02,3343.61,1
1379,09:30:02,3343.61,10
1380,09:30:02,3343.61,1
1381,09:30:02,3343.61,10
1382,09:30:02,3343.61,1
1383,09:30:02,3343.61,1
1384,09:30:02,3343.61,1
1385,09:30:02,3343.61,1
1386,09:30:02,3343.61,1
1387,09:30:02,3343.61,1
1388,09:30:02,3343.61,4
1389,09:30:02,3343.61,2
1390,09:30:02,3343.61,3
1391,09:30:02,3343.61,1
1392,09:30:02,3343.61,1
1393,09:30:02,3343.61,5
1394,09:30:02,3343.61,1
1395,09:30:02,3343.61,1
1396,09:30:02,3343.61,1
1397,09:30:02,3343.61,4
1398,09:30:02,3343.61,17
1399,09:30:02,3343.61,2
1400,09:30:02,3343.61,50
1401,09:30:02,3343.61,30
1402,09:30:02,3343.61,3
1403,09:30:02,3343.61,1
1404,09:30:02,3343.61,3
1405,09:30:02,3343.61,3
1406,09:30:02,3343.61,3
1407,09:30:02,3343.61,2
1408,09:30:02,3343.61,1
1409,09:30:02,3343.61,3
1410,09:30:02,3343.61,2
1411,09:30:02,3343.61,4
1412,09:30:02,3343.61,3
1413,09:30:02,3343.61,2
1414,09:30:02,3343.61,1
1415,09:30:02,3343.61,2
1416,09:30:02,3343.61,6
1417,09:30:02,3343.61,1
1418,09:30:02,3343.61,2
1419,09:30:02,3343.61,2
1420,09:30:02,3343.61,4
1421,09:30:02,3343.61,3
1422,09:30:02,3343.61,3
1423,09:30:02,3343.61,1
1424,09:30:02,3343.61,4
1425,09:30:02,3343.61,2
1426,09:30:02,3343.61,3
1427,09:30:02,3343.61,2
1428,09:30:02,3343.61,2
1429,09:30:02,3343.61,3
1430,09:30:02,3343.61,2
1431,09:30:02,3343.61,3
1432,09:30:02,3343.61,2
1433,09:30:02,3343.61,2
1434,09:30:02,3343.61,4
1435,09:30:02,3343.61,2
1436,09:30:02,3343.61,2
1437,09:30:02,3343.61,2
1438,09:30:02,3343.61,1
1439,09:30:02,3343.61,3
1440,09:30:02,3343.61,3
1441,09:30:02,3343.61,2
1442,09:30:02,3343.61,5
1443,09:30:02,3343.61,2
1444,09:30:02,3343.61,2
1445,09:30:02,3343.61,2
1446,09:30:02,3343.61,391
1447,09:30:02,3343.61,3
1448,09:30:02,3343.61,9
1449,09:30:02,3343.61,10
1450,09:30:02,3343.61,1
1451,09:30:02,3343.61,20
1452,09:30:02,3343.61,3
1453,09:30:02,3343.61,5
1454,09:30:02,3343.61,7
1455,09:30:02,3343.61,3
1456,09:30:02,3343.61,3
1457,09:30:02,3343.61,10
1458,09:30:02,3343.61,20
1459,09:30:02,3343.61,1
1460,09:30:02,3343.61,3
1461,09:30:02,3343.61,1
1462,09:30:02,3343.61,1
1463,09:30:02,3343.61,105
1464,09:30:02,3343.61,1
1465,09:30:02,3343.61,60
1466,09:30:02,3343.61,3
1467,09:30:02,3343.61,2
1468,09:30:02,3343.61,8
1469,09:30:02,3343.61,30
1470,09:30:02,3343.61,3
1471,09:30:02,3343.61,20
1472,09:30:02,3343.61,60
1473,09:30:02,3343.61,9
1474,09:30:02,3343.61,1
1475,09:30:02,3343.61,3
1476,09:30:02,3343.61,105
1477,09:30:02,3343.61,2
1478,09:30:02,3343.61,3
1479,09:30:02,3343.61,1
1480,09:30:02,3343.61,4
1481,09:30:02,3343.61,2000
1482,09:30:02,3343.61,42
1483,09:30:02,3343.61,4
1484,09:30:02,3343.61,8
1485,09:30:02,3343.61,1
1486,09:30:02,3343.61,1
1487,09:30:02,3343.61,150
1488,09:30:02,3343.61,1
1489,09:30:02,3343.61,56
1490,09:30:02,3343.61,1
1491,09:30:02,3343.61,60
1492,09:30:02,3343.61,49
1493,09:30:02,3343.61,66
1494,09:30:02,3343.61,52
1495,09:30:02,3343.61,3
1496,09:30:02,3343.61,43
1497,09:30:02,3343.61,119
1498,09:30:02,3343.61,2
1499,09:30:02,3343.61,17
1500,09:30:02,3343.61,5
1501,09:30:02,3343.61,2
1502,09:30:02,3343.61,1
1503,09:30:02,3343.61,8
1504,09:30:02,3343.61,5
1505,09:30:02,3343.61,1
1506,09:30:02,3343.61,32
1507,09:30:02,3343.61,6
1508,09:30:02,3343.61,1
1509,09:30:02,3343.61,1
1510,09:30:02,3343.61,29
1511,09:30:02,3343.61,1
1512,09:30:02,3343.61,1
1513,09:30:02,3343.61,6
1514,09:30:02,3343.61,498
1515,09:30:02,3343.61,6
1516,09:30:02,3343.61,12
1517,09:30:02,3343.61,12
1518,09:30:02,3343.61,1
1519,09:30:02,3343.61,15
1520,09:30:02,3343.61,3
1521,09:30:02,3343.61,1
1522,09:30:02,3343.61,30
1523,09:30:02,3343.61,3
1524,09:30:02,3343.61,2
1525,09:30:02,3343.61,14
1526,09:30:02,3343.61,3
1527,09:30:02,3343.61,3
1528,09:30:02,3343.61,1
1529,09:30:02,3343.61,1
1530,09:30:02,3343.61,1
1531,09:30:02,3343.61,1
1532,09:30:02,3343.61,1
1533,09:30:02,3343.61,1
1534,09:30:02,3343.61,1
1535,09:30:02,3343.61,5
1536,09:30:02,3343.61,1
1537,09:30:02,3343.61,9
1538,09:30:02,3343.61,80
1539,09:30:02,3343.61,1
1540,09:30:02,3343.61,531
1541,09:30:02,3343.61,10
1542,09:30:02,3343.61,1
1543,09:30:02,3343.61,1
1544,09:30:02,3343.61,8
1545,09:30:02,3343.61,29
1546,09:30:02,3343.61,1
1547,09:30:02,3343.61,2
1548,09:30:02,3343.61,1
1549,09:30:02,3343.61,2
1550,09:30:02,3343.61,1
1551,09:30:02,3343.61,1
1552,09:30:02,3343.61,2
1553,09:30:02,3343.61,1
1554,09:30:02,3343.61,14
1555,09:30:02,3343.61,5
1556,09:30:02,3343.61,20
1557,09:30:02,3343.61,2
1558,09:30:02,3343.61,18
1559,09:30:02,3343.61,1
1560,09:30:02,3343.61,2
1561,09:30:02,3343.61,1
1562,09:30:02,3343.61,1
1563,09:30:02,3343.61,3
1564,09:30:02,3343.61,7
1565,09:30:02,3343.61,2
1566,09:30:02,3343.61,1
1567,09:30:02,3343.61,5
1568,09:30:02,3343.61,20
1569,09:30:02,3343.61,2
1570,09:30:02,3343.61,1
1571,09:30:02,3343.61,4
1572,09:30:02,3343.61,5
1573,09:30:02,3343.61,1
1574,09:30:02,3343.61,1
1575,09:30:02,3343.61,4
1576,09:30:02,3343.61,2
1577,09:30:02,3343.61,2
1578,09:30:02,3343.61,3
1579,09:30:02,3343.61,5
1580,09:30:02,3343.61,4
1581,09:30:02,3343.61,2
1582,09:30:02,3343.61,2
1583,09:30:02,3343.61,1
1584,09:30:02,3343.61,8
1585,09:30:02,3343.61,2
1586,09:30:02,3343.61,3
1587,09:30:02,3343.61,1
1588,09:30:02,3343.61,1
1589,09:30:02,3343.61,5
1590,09:30:02,3343.61,1
1591,09:30:02,3343.61,2
1592,09:30:02,3343.61,2
1593,09:30:02,3343.61,30
1594,09:30:02,3343.61,1
1595,09:30:02,3343.61,10
1596,09:30:02,3343.61,3
1597,09:30:02,3343.61,9
1598,09:30:02,3343.61,5
1599,09:30:02,3343.61,2
1600,09:30:02,3343.61,24
1601,09:30:02,3343.61,2
1602,09:30:02,3343.61,3
1603,09:30:02,3343.61,3
1604,09:30:02,3343.61,1
1605,09:30:02,3343.61,1
1606,09:30:02,3343.61,2
1607,09:30:02,3343.61,2
1608,09:30:02,3343.61,1
1609,09:30:02,3343.61,7
1610,09:30:02,3343.61,1
1611,09:30:02,3343.61,3
1612,09:30:02,3343.61,7
1613,09:30:02,3343.61,2
1614,09:30:02,3343.61,3
1615,09:30:02,3343.61,1
1616,09:30:02,3343.61,1
1617,09:30:02,3343.61,1
1618,09:30:02,3343.61,3
1619,09:30:02,3343.61,1
1620,09:30:02,3343.61,2
1621,09:30:02,3343.61,1
1622,09:30:02,3343.61,5
1623,09:30:02,3343.61,2
1624,09:30:02,3343.61,4
1625,09:30:02,3343.61,3
1626,09:30:02,3343.61,1
1627,09:30:02,3343.61,3
1628,09:30:02,3343.61,7
1629,09:30:02,3343.61,1
1630,09:30:02,3343.61,46
1631,09:30:02,3343.61,1
1632,09:30:02,3343.61,8
1633,09:30:02,3343.61,4
1634,09:30:02,3343.61,1
1635,09:30:02,3343.61,10
1636,09:30:02,3343.61,50
1637,09:30:02,3343.61,2000
1638,09:30:02,3343.61,5
1639,09:30:02,3343.61,5
1640,09:30:02,3343.61,10
1641,09:30:02,3343.61,23
1642,09:30:02,3343.61,19
1643,09:30:02,3343.61,50
1644,09:30:02,3343.61,2
1645,09:30:02,3343.61,1
1646,09:30:02,3343.61,1
1647,09:30:02,3343.61,4
1648,09:30:02,3343.61,2
1649,09:30:02,3343.61,9
1650,09:30:02,3343.61,10
1651,09:30:02,3343.61,10
1652,09:30:02,3343.61,3
1653,09:30:02,3343.61,10
1654,09:30:02,3343.61,10
1655,09:30:02,3343.61,5
1656,09:30:02,3343.61,10
1657,09:30:02,3343.61,3
1658,09:30:02,3343.61,5
1659,09:30:02,3343.61,4
1660,09:30:02,3343.61,3
1661,09:30:02,3343.61,5
1662,09:30:02,3343.61,5
1663,09:30:02,3343.61,5
1664,09:30:02,3343.61,3
1665,09:30:02,3343.61,3
1666,09:30:02,3343.61,3
1667,09:30:02,3343.61,3
1668,09:30:02,3343.61,14
1669,09:30:02,3343.61,8
1670,09:30:02,3343.61,1
1671,09:30:02,3343.61,2
1672,09:30:02,3343.61,7
1673,09:30:02,3343.61,5
1674,09:30:02,3343.61,1
1675,09:30:02,3343.61,26
1676,09:30:02,3343.61,1
1677,09:30:02,3343.61,3
1678,09:30:02,3343.61,2
1679,09:30:02,3343.61,1
1680,09:30:02,3343.61,15
1681,09:30:02,3343.61,47
1682,09:30:02,3343.61,10
1683,09:30:02,3343.61,17
1684,09:30:02,3343.61,10
1685,09:30:02,3343.61,1
1686,09:30:02,3343.61,1
1687,09:30:02,3343.61,5
1688,09:30:02,3343.61,3
1689,09:30:02,3343.61,1
1690,09:30:02,3343.61,10
1691,09:30:02,3343.61,1
1692,09:30:02,3343.61,1
1693,09:30:02,3343.61,6
1694,09:30:02,3343.61,15
1695,09:30:02,3343.61,4
1696,09:30:02,3343.61,1
1697,09:30:02,3343.61,1
1698,09:30:02,3343.61,1
1699,09:30:02,3343.61,17
1700,09:30:02,3343.61,7
1701,09:30:02,3343.61,3
1702,09:30:02,3343.61,3
1703,09:30:02,3343.61,15
1704,09:30:02,3343.61,5
1705,09:30:02,3343.61,1
1706,09:30:02,3343.61,40
1707,09:30:02,3343.61,61
1708,09:30:02,3343.61,3
1709,09:30:02,3343.61,2
1710,09:30:02,3343.61,1
1711,09:30:02,3343.61,15
1712,09:30:02,3343.61,1
1713,09:30:02,3343.61,1
1714,09:30:02,3343.61,1
1715,09:30:02,3343.61,3
1716,09:30:02,3343.61,2
1717,09:30:02,3343.61,2
1718,09:30:02,3343.61,1
1719,09:30:02,3343.61,1
1720,09:30:02,3343.61,1
1721,09:30:02,3343.61,1
1722,09:30:02,3343.61,1
1723,09:30:02,3343.61,1
1724,09:30:02,3343.61,1
1725,09:30:02,3343.61,9
1726,09:30:02,3343.61,50
1727,09:30:02,3343.61,1
1728,09:30:02,3343.61,2
1729,09:30:02,3343.61,25
1730,09:30:02,3343.61,2
1731,09:30:02,3343.61,2
1732,09:30:02,3343.61,2
1733,09:30:02,3343.61,10
1734,09:30:02,3343.61,2
1735,09:30:02,3343.61,1
1736,09:30:02,3343.61,1
1737,09:30:02,3343.61,1
1738,09:30:02,3343.61,1
1739,09:30:02,3343.61,1
1740,09:30:02,3343.61,10
1741,09:30:02,3343.61,10
1742,09:30:02,3343.61,4
1743,09:30:02,3343.61,1
1744,09:30:02,3343.61,3
1745,09:30:02,3343.61,10
1746,09:30:02,3343.61,1
1747,09:30:02,3343.61,1
1748,09:30:02,3343.61,15
1749,09:30:02,3343.61,1
1750,09:30:02,3343.61,28
1751,09:30:02,3343.61,1
1752,09:30:02,3343.61,4
1753,09:30:02,3343.61,2
1754,09:30:02,3343.61,1
1755,09:30:02,3343.61,2
1756,09:30:02,3343.61,2
1757,09:30:02,3343.61,3
1758,09:30:02,3343.61,20
1759,09:30:02,3343.61,30
1760,09:30:02,3343.61,2
1761,09:30:02,3343.61,1
1762,09:30:02,3343.61,3
1763,09:30:02,3343.61,1
1764,09:30:02,3343.61,1
1765,09:30:02,3343.61,2
1766,09:30:02,3343.61,1
1767,09:30:02,3343.61,1
1768,09:30:02,3343.61,1
1769,09:30:02,3343.61,1
1770,09:30:02,3343.61,2
1771,09:30:02,3343.61,1
1772,09:30:02,3343.61,12
1773,09:30:02,3343.61,2
1774,09:30:02,3343.61,10
1775,09:30:02,3343.61,1
1776,09:30:02,3343.61,16
1777,09:30:02,3343.61,1
1778,09:30:02,3343.61,1
1779,09:30:02,3343.61,11
1780,09:30:02,3343.61,1
1781,09:30:02,3343.61,10
1782,09:30:02,3343.61,6
1783,09:30:02,3343.61,1
1784,09:30:02,3343.61,6
1785,09:30:02,3343.61,10
1786,09:30:02,3343.61,15
1787,09:30:02,3343.61,1
1788,09:30:02,3343.61,1
1789,09:30:02,3343.61,2
1790,09:30:02,3343.61,2
1791,09:30:02,3343.61,1
1792,09:30:02,3343.61,1
1793,09:30:02,3343.61,3
1794,09:30:02,3343.61,1
1795,09:30:02,3343.61,2
1796,09:30:02,3343.61,3
1797,09:30:02,3343.61,3
1798,09:30:02,3343.61,2
1799,09:30:02,3343.61,30
1800,09:30:02,3343.61,1
1801,09:30:02,3343.61,1
1802,09:30:02,3343.61,1
1803,09:30:02,3343.61,5
1804,09:30:02,3343.61,8
1805,09:30:02,3343.61,3
1806,09:30:02,3343.61,1
1807,09:30:02,3343.61,2
1808,09:30:02,3343.61,3
1809,09:30:02,3343.61,5
1810,09:30:02,3343.61,6
1811,09:30:02,3343.61,20
1812,09:30:02,3343.61,10
1813,09:30:02,3343.61,35
1814,09:30:02,3343.61,22
1815,09:30:02,3343.61,1
1816,09:30:02,3343.61,6
1817,09:30:02,3343.61,1
1818,09:30:02,3343.61,31
1819,09:30:02,3343.61,6
1820,09:30:02,3343.61,10
1821,09:30:02,3343.61,10
1822,09:30:02,3343.61,1
1823,09:30:02,3343.61,19
1824,09:30:02,3343.61,78
1825,09:30:02,3343.61,1
1826,09:30:02,3343.61,4
1827,09:30:02,3343.61,80
1828,09:30:02,3343.61,15
1829,09:30:02,3343.61,7
1830,09:30:02,3343.61,1
1831,09:30:02,3343.61,10
1832,09:30:02,3343.61,1
1833,09:30:02,3343.61,15
1834,09:30:02,3343.61,2
1835,09:30:02,3343.61,6
1836,09:30:02,3343.61,3
1837,09:30:02,3343.61,1
1838,09:30:02,3343.61,3
1839,09:30:02,3343.61,4
1840,09:30:02,3343.61,4
1841,09:30:02,3343.61,4
1842,09:30:02,3343.61,5
1843,09:30:02,3343.61,2
1844,09:30:02,3343.61,1
1845,09:30:02,3343.61,1
1846,09:30:02,3343.61,1
1847,09:30:02,3343.61,1
1848,09:30:02,3343.61,5
1849,09:30:02,3343.61,100
1850,09:30:02,3343.61,1
1851,09:30:02,3343.61,1
1852,09:30:02,3343.61,1
1853,09:30:02,3343.61,3
1854,09:30:02,3343.61,1
1855,09:30:02,3343.61,1
1856,09:30:02,3343.61,1
1857,09:30:02,3343.61,3
1858,09:30:02,3343.61,1
1859,09:30:02,3343.61,3
1860,09:30:02,3343.61,1
1861,09:30:02,3343.61,1
1862,09:30:02,3343.61,1
1863,09:30:02,3343.61,2
1864,09:30:02,3343.61,1
1865,09:30:02,3343.61,1
1866,09:30:02,3343.61,1
1867,09:30:02,3343.61,3
1868,09:30:02,3343.61,2
1869,09:30:02,3343.61,2
1870,09:30:02,3343.61,1
1871,09:30:02,3343.61,1
1872,09:30:02,3343.61,1
1873,09:30:02,3343.61,3
1874,09:30:02,3343.61,1
1875,09:30:02,3343.61,1
1876,09:30:02,3343.61,1
1877,09:30:02,3343.61,4
1878,09:30:02,3343.61,1
1879,09:30:02,3343.61,1
1880,09:30:02,3343.61,1
1881,09:30:02,3343.61,1
1882,09:30:02,3343.61,1
1883,09:30:02,3343.61,1
1884,09:30:02,3343.61,6
1885,09:30:02,3343.61,1
1886,09:30:02,3343.61,1
1887,09:30:02,3343.61,3
1888,09:30:02,3343.61,1
1889,09:30:02,3343.61,1
1890,09:30:02,3343.61,2
1891,09:30:02,3343.61,1
1892,09:30:02,3343.61,1
1893,09:30:02,3343.61,1
1894,09:30:02,3343.61,47
1895,09:30:02,3343.61,1
1896,09:30:02,3343.61,1
1897,09:30:02,3343.61,2
1898,09:30:02,3343.61,1
1899,09:30:02,3343.61,1
1900,09:30:02,3343.61,12
1901,09:30:02,3343.61,1
1902,09:30:02,3343.61,2
1903,09:30:02,3343.61,1
1904,09:30:02,3343.61,1
1905,09:30:02,3343.61,11
1906,09:30:02,3343.61,3
1907,09:30:02,3343.61,5
1908,09:30:02,3343.61,2
1909,09:30:02,3343.61,10
1910,09:30:02,3343.61,5
1911,09:30:02,3343.61,1
1912,09:30:02,3343.61,10
1913,09:30:02,3343.61,2
1914,09:30:02,3343.61,2
1915,09:30:02,3343.61,1
1916,09:30:02,3343.61,1
1917,09:30:02,3343.61,2
1918,09:30:02,3343.61,1
1919,09:30:02,3343.61,2
1920,09:30:02,3343.61,1
1921,09:30:02,3343.61,3
1922,09:30:02,3343.61,7
1923,09:30:02,3343.61,2
1924,09:30:02,3343.61,2
1925,09:30:02,3343.61,1
1926,09:30:02,3343.61,6
1927,09:30:02,3343.61,1
1928,09:30:02,3343.61,5
1929,09:30:02,3343.61,1
1930,09:30:02,3343.61,7
1931,09:30:02,3343.61,1
1932,09:30:02,3343.61,1
1933,09:30:02,3343.61,3
1934,09:30:02,3343.61,1
1935,09:30:02,3343.61,1
1936,09:30:02,3343.61,25
1937,09:30:02,3343.61,2
1938,09:30:02,3343.61,1
1939,09:30:02,3343.61,1
1940,09:30:02,3343.61,1
1941,09:30:02,3343.61,1
1942,09:30:02,3343.61,1
1943,09:30:02,3343.61,1
1944,09:30:02,3343.61,59
1945,09:30:02,3343.61,1
1946,09:30:02,3343.61,2
1947,09:30:02,3343.61,5
1948,09:30:02,3343.61,1
1949,09:30:02,3343.61,1
1950,09:30:02,3343.61,1
1951,09:30:02,3343.61,8
1952,09:30:02,3343.61,5
1953,09:30:02,3343.61,1
1954,09:30:02,3343.61,1
1955,09:30:02,3343.61,1
1956,09:30:02,3343.61,1
1957,09:30:02,3343.61,1
1958,09:30:02,3343.61,1
1959,09:30:02,3343.61,1
1960,09:30:02,3343.61,1
1961,09:30:02,3343.61,2
1962,09:30:02,3343.61,2
1963,09:30:02,3343.61,4
1964,09:30:02,3343.61,2
1965,09:30:02,3343.61,8
1966,09:30:02,3343.61,94
1967,09:30:02,3343.61,8
1968,09:30:02,3343.61,2
1969,09:30:02,3343.61,402
1970,09:30:02,3343.61,7
1971,09:30:02,3343.61,5
1972,09:30:02,3343.61,3
1973,09:30:02,3343.61,10
1974,09:30:02,3343.61,1
1975,09:30:02,3343.61,50
1976,09:30:02,3343.61,1
1977,09:30:02,3343.61,1
1978,09:30:02,3343.61,3
1979,09:30:02,3343.61,2
1980,09:30:02,3343.61,3
1981,09:30:02,3343.61,1
1982,09:30:02,3343.61,1
1983,09:30:02,3343.61,1
1984,09:30:02,3343.61,10
1985,09:30:02,3343.61,5
1986,09:30:02,3343.61,5
1987,09:30:02,3343.61,13
1988,09:30:02,3343.61,1
1989,09:30:02,3343.61,1
1990,09:30:02,3343.61,1
1991,09:30:02,3343.61,1
1992,09:30:02,3343.61,1
1993,09:30:02,3343.61,1
1994,09:30:02,3343.61,7
1995,09:30:02,3343.61,7
1996,09:30:02,3343.61,6
1997,09:30:02,3343.61,3
1998,09:30:02,3343.61,1
1999,09:30:02,3343.61,1
2000,09:30:02,3343.61,1
2001,09:30:02,3343.61,1
2002,09:30:02,3343.61,5
2003,09:30:02,3343.61,5
2004,09:30:02,3343.61,1
2005,09:30:02,3343.61,1
2006,09:30:02,3343.61,10
2007,09:30:02,3343.61,2
2008,09:30:02,3343.61,1
2009,09:30:02,3343.61,1
2010,09:30:02,3343.61,1
2011,09:30:02,3343.61,1
2012,09:30:02,3343.61,3
2013,09:30:02,3343.61,4
2014,09:30:02,3343.61,2
2015,09:30:02,3343.61,3
2016,09:30:02,3343.61,6
2017,09:30:02,3343.61,1
2018,09:30:02,3343.61,3
2019,09:30:02,3343.61,3
2020,09:30:02,3343.61,1
2021,09:30:02,3343.61,1
2022,09:30:02,3343.61,1
2023,09:30:02,3343.61,1
2024,09:30:02,3343.61,3
2025,09:30:02,3343.61,3
2026,09:30:02,3343.61,20
2027,09:30:02,3343.61,1
2028,09:30:02,3343.61,1
2029,09:30:02,3343.61,1
2030,09:30:02,3343.61,1
2031,09:30:02,3343.61,1
2032,09:30:02,3343.61,1
2033,09:30:02,3343.61,4
2034,09:30:02,3343.61,1
2035,09:30:02,3343.61,1
2036,09:30:02,3343.61,3
2037,09:30:02,3343.61,1
2038,09:30:02,3343.61,2
2039,09:30:02,3343.61,10
2040,09:30:02,3343.61,2
2041,09:30:02,3343.61,7
2042,09:30:02,3343.61,1
2043,09:30:02,3343.61,1
2044,09:30:02,3343.61,1
2045,09:30:02,3343.61,2
2046,09:30:02,3343.61,3
2047,09:30:02,3343.61,3
2048,09:30:02,3343.61,1
2049,09:30:02,3343.61,5
2050,09:30:02,3343.61,1
2051,09:30:02,3343.61,2
2052,09:30:02,3343.61,29
2053,09:30:02,3343.61,10
2054,09:30:02,3343.61,1
2055,09:30:02,3343.61,1
2056,09:30:02,3343.61,1
2057,09:30:02,3343.61,17
2058,09:30:02,3343.61,3
2059,09:30:02,3343.61,1
2060,09:30:02,3343.61,1
2061,09:30:02,3343.61,1
2062,09:30:02,3343.61,1
2063,09:30:02,3343.61,4
2064,09:30:02,3343.61,1
2065,09:30:02,3343.61,1
2066,09:30:02,3343.61,8
2067,09:30:02,3343.61,4
2068,09:30:02,3343.61,2
2069,09:30:02,3343.61,1
2070,09:30:02,3343.61,3
2071,09:30:02,3343.61,15
2072,09:30:02,3343.61,6
2073,09:30:02,3343.61,10
2074,09:30:02,3343.61,18
2075,09:30:02,3343.61,3
2076,09:30:02,3343.61,1
2077,09:30:02,3343.61,6
2078,09:30:02,3343.61,8
2079,09:30:02,3343.61,2
2080,09:30:02,3343.61,6
2081,09:30:02,3343.61,1
2082,09:30:02,3343.61,3
2083,09:30:02,3343.61,1
2084,09:30:02,3343.61,5
2085,09:30:02,3343.61,2
2086,09:30:02,3343.61,1
2087,09:30:02,3343.61,6
2088,09:30:02,3343.61,1
2089,09:30:02,3343.61,30
2090,09:30:02,3343.61,1
2091,09:30:02,3343.61,1
2092,09:30:02,3343.61,2
2093,09:30:02,3343.61,2
2094,09:30:02,3343.61,2
2095,09:30:02,3343.61,1
2096,09:30:02,3343.61,3
2097,09:30:02,3343.61,3
2098,09:30:02,3343.61,2
2099,09:30:02,3343.61,9
2100,09:30:02,3343.61,2
2101,09:30:02,3343.61,1
2102,09:30:02,3343.61,1
2103,09:30:02,3343.61,2
2104,09:30:02,3343.61,6
2105,09:30:02,3343.61,3
2106,09:30:02,3343.61,2
2107,09:30:02,3343.61,1
2108,09:30:02,3343.61,11
2109,09:30:02,3343.61,2
2110,09:30:02,3343.61,1
2111,09:30:02,3343.61,2
2112,09:30:02,3343.61,2
2113,09:30:02,3343.61,1
2114,09:30:02,3343.61,1
2115,09:30:02,3343.61,1
2116,09:30:02,3343.61,3
2117,09:30:02,3343.61,1
2118,09:30:02,3343.61,1
2119,09:30:02,3343.61,2
2120,09:30:02,3343.61,2
2121,09:30:02,3343.61,3
2122,09:30:02,3343.61,5
2123,09:30:02,3343.61,4
2124,09:30:02,3343.61,1
2125,09:30:02,3343.61,2
2126,09:30:02,3343.61,1
2127,09:30:02,3343.61,2
2128,09:30:02,3343.61,1
2129,09:30:02,3343.61,30
2130,09:30:02,3343.61,1
2131,09:30:02,3343.61,2
2132,09:30:02,3343.61,15
2133,09:30:02,3343.61,10
2134,09:30:02,3343.61,20
2135,09:30:02,3343.61,2
2136,09:30:02,3343.61,6
2137,09:30:02,3343.61,5
2138,09:30:02,3343.61,10
2139,09:30:02,3343.61,3
2140,09:30:02,3343.61,10
2141,09:30:02,3343.61,3
2142,09:30:02,3343.61,5
2143,09:30:02,3343.61,2
2144,09:30:02,3343.61,1
2145,09:30:02,3343.61,12
2146,09:30:02,3343.61,5
2147,09:30:02,3343.61,5
2148,09:30:02,3343.61,4
2149,09:30:02,3343.61,4
2150,09:30:02,3343.61,2
2151,09:30:02,3343.61,5
2152,09:30:02,3343.61,13
2153,09:30:02,3343.61,3
2154,09:30:02,3343.61,2
2155,09:30:02,3343.61,1
2156,09:30:02,3343.61,1
2157,09:30:02,3343.61,3
2158,09:30:02,3343.61,5
2159,09:30:02,3343.61,30
2160,09:30:02,3343.61,1
2161,09:30:02,3343.61,3
2162,09:30:02,3343.61,7
2163,09:30:02,3343.61,3
2164,09:30:02,3343.61,4
2165,09:30:02,3343.61,1
2166,09:30:02,3343.61,3
2167,09:30:02,3343.61,3
2168,09:30:02,3343.61,5
2169,09:30:02,3343.61,1
2170,09:30:02,3343.61,1
2171,09:30:02,3343.61,3
2172,09:30:02,3343.61,1
2173,09:30:02,3343.61,3
2174,09:30:02,3343.61,4
2175,09:30:02,3343.61,6
2176,09:30:02,3343.61,8
2177,09:30:02,3343.61,2
2178,09:30:02,3343.61,7
2179,09:30:02,3343.61,1
2180,09:30:02,3343.61,2
2181,09:30:02,3343.61,1
2182,09:30:02,3343.61,4
2183,09:30:02,3343.61,2
2184,09:30:02,3343.61,1
2185,09:30:02,3343.61,1
2186,09:30:02,3343.61,10
2187,09:30:02,3343.61,1
2188,09:30:02,3343.61,100
2189,09:30:02,3343.61,1
2190,09:30:02,3343.61,1
2191,09:30:02,3343.61,1
2192,09:30:02,3343.61,5
2193,09:30:02,3343.61,15
2194,09:30:02,3343.61,1
2195,09:30:02,3343.61,3
2196,09:30:02,3343.61,3
2197,09:30:02,3343.61,3
2198,09:30:02,3343.61,13
2199,09:30:02,3343.61,1
2200,09:30:02,3343.61,1
2201,09:30:02,3343.61,1
2202,09:30:02,3343.61,1
2203,09:30:02,3343.61,3
2204,09:30:02,3343.61,4
2205,09:30:02,3343.61,1
2206,09:30:02,3343.61,10
2207,09:30:02,3343.61,2
2208,09:30:02,3343.61,3
2209,09:30:02,3343.61,6
2210,09:30:02,3343.61,1
2211,09:30:02,3343.61,2
2212,09:30:02,3343.61,1
2213,09:30:02,3343.61,1
2214,09:30:02,3343.61,1
2215,09:30:02,3343.61,1
2216,09:30:02,3343.61,5
2217,09:30:02,3343.61,5
2218,09:30:02,3343.61,9
2219,09:30:02,3343.61,42
2220,09:30:02,3343.61,1
2221,09:30:02,3343.61,2
2222,09:30:02,3343.61,1
2223,09:30:02,3343.61,2
2224,09:30:02,3343.61,1
2225,09:30:02,3343.61,6
2226,09:30:02,3343.61,1
2227,09:30:02,3343.61,3
2228,09:30:02,3343.61,1
2229,09:30:02,3343.61,178
2230,09:30:02,3343.61,3
2231,09:30:02,3343.61,1
2232,09:30:02,3343.61,1
2233,09:30:02,3343.61,25
2234,09:30:02,3343.61,3
2235,09:30:02,3343.61,1
2236,09:30:02,3343.61,1
2237,09:30:02,3343.61,13
2238,09:30:02,3343.61,1
2239,09:30:02,3343.61,2
2240,09:30:02,3343.61,1
2241,09:30:02,3343.61,1
2242,09:30:02,3343.61,2
2243,09:30:02,3343.61,2
2244,09:30:02,3343.61,3
2245,09:30:02,3343.61,1
2246,09:30:02,3343.61,2
2247,09:30:02,3343.61,1
2248,09:30:02,3343.61,2
2249,09:30:02,3343.61,2
2250,09:30:02,3343.61,10
2251,09:30:02,3343.61,1
2252,09:30:02,3343.61,1
2253,09:30:02,3343.61,1
2254,09:30:02,3343.61,2
2255,09:30:02,3343.61,1
2256,09:30:02,3343.61,5
2257,09:30:02,3343.61,5
2258,09:30:02,3343.61,3
2259,09:30:02,3343.61,2
2260,09:30:02,3343.61,5
2261,09:30:02,3343.61,194
2262,09:30:02,3343.61,5
2263,09:30:02,3343.61,1
2264,09:30:02,3343.61,3
2265,09:30:02,3343.61,1
2266,09:30:02,3343.61,5
2267,09:30:02,3343.61,2
2268,09:30:02,3343.61,2
2269,09:30:02,3343.61,3
2270,09:30:02,3343.61,10
2271,09:30:02,3343.61,1
2272,09:30:02,3343.61,1
2273,09:30:02,3343.61,1
2274,09:30:02,3343.61,5
2275,09:30:02,3343.61,2
2276,09:30:02,3343.61,1
2277,09:30:02,3343.61,1
2278,09:30:02,3343.61,2
2279,09:30:02,3343.61,1
2280,09:30:02,3343.61,5
2281,09:30:02,3343.61,1
2282,09:30:02,3343.61,5
2283,09:30:02,3343.61,5
2284,09:30:02,3343.61,5
2285,09:30:02,3343.61,5
2286,09:30:02,3343.61,2
2287,09:30:02,3343.61,1
2288,09:30:02,3343.61,10
2289,09:30:02,3343.61,14
2290,09:30:02,3343.61,9
2291,09:30:02,3343.61,1
2292,09:30:02,3343.61,1
2293,09:30:02,3343.61,1
2294,09:30:02,3343.61,5
2295,09:30:02,3343.61,3
2296,09:30:02,3343.61,1
2297,09:30:02,3343.61,1
2298,09:30:02,3343.61,2
2299,09:30:02,3343.61,1
2300,09:30:02,3343.61,1
2301,09:30:02,3343.61,1
2302,09:30:02,3343.61,1
2303,09:30:02,3343.61,1
2304,09:30:02,3343.61,2
2305,09:30:02,3343.61,1
2306,09:30:02,3343.61,5
2307,09:30:02,3343.61,2
2308,09:30:02,3343.61,2
2309,09:30:02,3343.61,2
2310,09:30:02,3343.61,1
2311,09:30:02,3343.61,3
2312,09:30:02,3343.61,1
2313,09:30:02,3343.61,1
2314,09:30:02,3343.61,1
2315,09:30:02,3343.61,1
2316,09:30:02,3343.61,1
2317,09:30:02,3343.61,1
2318,09:30:02,3343.61,1
2319,09:30:02,3343.61,1
2320,09:30:02,3343.61,1
2321,09:30:02,3343.61,1
2322,09:30:02,3343.61,1
2323,09:30:02,3343.61,1
2324,09:30:02,3343.61,1
2325,09:30:02,3343.61,2
2326,09:30:02,3343.61,30
2327,09:30:02,3343.61,1
2328,09:30:02,3343.61,1
2329,09:30:02,3343.61,4
2330,09:30:02,3343.61,1
2331,09:30:02,3343.61,2
2332,09:30:02,3343.61,1
2333,09:30:02,3343.61,8
2334,09:30:02,3343.61,1
2335,09:30:02,3343.61,1
2336,09:30:02,3343.61,1
2337,09:30:02,3343.61,3
2338,09:30:02,3343.61,2
2339,09:30:02,3343.61,5
2340,09:30:02,3343.61,10
2341,09:30:02,3343.61,8
2342,09:30:02,3343.61,9
2343,09:30:02,3343.61,1
2344,09:30:02,3343.61,20
2345,09:30:02,3343.61,1
2346,09:30:02,3343.61,99
2347,09:30:02,3343.61,1
2348,09:30:02,3343.61,2
2349,09:30:02,3343.61,1
2350,09:30:02,3343.61,9
2351,09:30:02,3343.61,10
2352,09:30:02,3343.61,2
2353,09:30:02,3343.61,1
2354,09:30:02,3343.61,1
2355,09:30:02,3343.61,1
2356,09:30:02,3343.61,1
2357,09:30:02,3343.61,1
2358,09:30:02,3343.61,1
2359,09:30:02,3343.61,1
2360,09:30:02,3343.61,2
2361,09:30:02,3343.61,2
2362,09:30:02,3343.61,2
2363,09:30:02,3343.61,2
2364,09:30:02,3343.61,3
2365,09:30:02,3343.61,3
2366,09:30:02,3343.61,1
2367,09:30:02,3343.61,2
2368,09:30:02,3343.61,2
2369,09:30:02,3343.61,3
2370,09:30:02,3343.61,2
2371,09:30:02,3343.61,3
2372,09:30:02,3343.61,1
2373,09:30:02,3343.61,1
2374,09:30:02,3343.61,3
2375,09:30:02,3343.61,1
2376,09:30:02,3343.61,50
2377,09:30:02,3343.61,100
2378,09:30:02,3343.61,4
2379,09:30:02,3343.61,1
2380,09:30:02,3343.61,1
2381,09:30:02,3343.61,1
2382,09:30:02,3343.61,10
2383,09:30:02,3343.61,1
2384,09:30:02,3343.61,2
2385,09:30:02,3343.61,4
2386,09:30:02,3343.61,3
2387,09:30:02,3343.61,1
2388,09:30:02,3343.61,2
2389,09:30:02,3343.61,1
2390,09:30:02,3343.61,5
2391,09:30:02,3343.61,1
2392,09:30:02,3343.61,1
2393,09:30:02,3343.61,3
2394,09:30:02,3343.61,15
2395,09:30:02,3343.61,1
2396,09:30:02,3343.61,1
2397,09:30:02,3343.61,1
2398,09:30:02,3343.61,1
2399,09:30:02,3343.61,2
2400,09:30:02,3343.61,1
2401,09:30:02,3343.61,1
2402,09:30:02,3343.61,2
2403,09:30:02,3343.61,1
2404,09:30:02,3343.61,1
2405,09:30:02,3343.61,1
2406,09:30:02,3343.61,2
2407,09:30:02,3343.61,1
2408,09:30:02,3343.61,2
2409,09:30:02,3343.61,1
2410,09:30:02,3343.61,1
2411,09:30:02,3343.61,1
2412,09:30:02,3343.61,8
2413,09:30:02,3343.61,10
2414,09:30:02,3343.61,3
2415,09:30:02,3343.61,2
2416,09:30:02,3343.61,1
2417,09:30:02,3343.61,1
2418,09:30:02,3343.61,3
2419,09:30:02,3343.61,60
2420,09:30:02,3343.61,1
2421,09:30:02,3343.61,2
2422,09:30:02,3343.61,1
2423,09:30:02,3343.61,1
2424,09:30:02,3343.61,1
2425,09:30:02,3343.61,2
2426,09:30:02,3343.61,1
2427,09:30:02,3343.61,100
2428,09:30:02,3343.61,1
2429,09:30:02,3343.61,107
2430,09:30:02,3343.61,4
2431,09:30:02,3343.61,2
2432,09:30:02,3343.61,1
2433,09:30:02,3343.61,1
2434,09:30:02,3343.61,1
2435,09:30:02,3343.61,1
2436,09:30:02,3343.61,1
2437,09:30:02,3343.61,1
2438,09:30:02,3343.61,11
2439,09:30:02,3343.61,5
2440,09:30:02,3343.61,1
2441,09:30:02,3343.61,1
2442,09:30:02,3343.61,1
2443,09:30:02,3343.61,1
2444,09:30:02,3343.61,2
2445,09:30:02,3343.61,13
2446,09:30:02,3343.61,1
2447,09:30:02,3343.61,1
2448,09:30:02,3343.61,1
2449,09:30:02,3343.61,1
2450,09:30:02,3343.61,3
2451,09:30:02,3343.61,1
2452,09:30:02,3343.61,4
2453,09:30:02,3343.61,1
2454,09:30:02,3343.61,8
2455,09:30:02,3343.61,2
2456,09:30:02,3343.61,10
2457,09:30:02,3343.61,1
2458,09:30:02,3343.61,5
2459,09:30:02,3343.61,2
2460,09:30:02,3343.61,12
2461,09:30:02,3343.61,1
2462,09:30:02,3343.61,3
2463,09:30:02,3343.61,6
2464,09:30:02,3343.61,1
2465,09:30:02,3343.61,1
2466,09:30:02,3343.61,1
2467,09:30:02,3343.61,1
2468,09:30:02,3343.61,5
2469,09:30:02,3343.61,1
2470,09:30:02,3343.61,1
2471,09:30:02,3343.61,4
2472,09:30:02,3343.61,1
2473,09:30:02,3343.61,1
2474,09:30:02,3343.61,1
2475,09:30:02,3343.61,1
2476,09:30:02,3343.61,1
2477,09:30:02,3343.61,5
2478,09:30:02,3343.61,5
2479,09:30:02,3343.61,1
2480,09:30:02,3343.61,1
2481,09:30:02,3343.61,10
2482,09:30:02,3343.61,1
2483,09:30:02,3343.61,1
2484,09:30:02,3343.61,3
2485,09:30:02,3343.61,2
2486,09:30:02,3343.61,1
2487,09:30:02,3343.61,25
2488,09:30:02,3343.61,4
2489,09:30:02,3343.61,1
2490,09:30:02,3343.61,1
2491,09:30:02,3343.61,3
2492,09:30:02,3343.61,1
2493,09:30:02,3343.61,1
2494,09:30:02,3343.61,2
2495,09:30:02,3343.61,1
2496,09:30:02,3343.61,1
2497,09:30:02,3343.61,1
2498,09:30:02,3343.61,1
2499,09:30:02,3343.61,1
2500,09:30:02,3343.61,1
2501,09:30:02,3343.61,1
2502,09:30:02,3343.61,1
2503,09:30:02,3343.61,1
2504,09:30:02,3343.61,1
2505,09:30:02,3343.61,10
2506,09:30:02,3343.61,2
2507,09:30:02,3343.61,3
2508,09:30:02,3343.61,1
2509,09:30:02,3343.61,1
2510,09:30:02,3343.61,1
2511,09:30:02,3343.61,7
2512,09:30:02,3343.61,1
2513,09:30:02,3343.61,3
2514,09:30:02,3343.61,1
2515,09:30:02,3343.61,1
2516,09:30:02,3343.61,2
2517,09:30:02,3343.61,2
2518,09:30:02,3343.61,1
2519,09:30:02,3343.61,1
2520,09:30:02,3343.61,1
2521,09:30:02,3343.61,10
2522,09:30:02,3343.61,3
2523,09:30:02,3343.61,5
2524,09:30:02,3343.61,1
2525,09:30:02,3343.61,3
2526,09:30:02,3343.61,4
2527,09:30:02,3343.61,1
2528,09:30:02,3343.61,1
2529,09:30:02,3343.61,1
2530,09:30:02,3343.61,1
2531,09:30:02,3343.61,1
2532,09:30:02,3343.61,1
2533,09:30:02,3343.61,2
2534,09:30:02,3343.61,1
2535,09:30:02,3343.61,2
2536,09:30:02,3343.61,1
2537,09:30:02,3343.61,2
2538,09:30:02,3343.61,1
2539,09:30:02,3343.61,1
2540,09:30:02,3343.61,2
2541,09:30:02,3343.61,2
2542,09:30:02,3343.61,3
2543,09:30:02,3343.61,30
2544,09:30:02,3343.61,3
2545,09:30:02,3343.61,3
2546,09:30:02,3343.61,3
2547,09:30:02,3343.61,2
2548,09:30:02,3343.61,1
2549,09:30:02,3343.61,5
2550,09:30:02,3343.61,1
2551,09:30:02,3343.61,1
2552,09:30:02,3343.61,3
2553,09:30:02,3343.61,10
2554,09:30:02,3343.61,3
2555,09:30:02,3343.61,29
2556,09:30:02,3343.61,2
2557,09:30:02,3343.61,3
2558,09:30:02,3343.61,1
2559,09:30:02,3343.61,7
2560,09:30:02,3343.61,8
2561,09:30:02,3343.61,2
2562,09:30:02,3343.61,1
2563,09:30:02,3343.61,5
2564,09:30:02,3343.61,1
2565,09:30:02,3343.61,1
2566,09:30:02,3343.61,30
2567,09:30:02,3343.61,4
2568,09:30:02,3343.61,7
2569,09:30:02,3343.61,4
2570,09:30:02,3343.61,10
2571,09:30:02,3343.61,150
2572,09:30:02,3343.61,2
2573,09:30:02,3343.61,2
2574,09:30:02,3343.61,4
2575,09:30:02,3343.61,1
2576,09:30:02,3343.61,100
2577,09:30:02,3343.61,3
2578,09:30:02,3343.61,3
2579,09:30:02,3343.61,5
2580,09:30:02,3343.61,11
2581,09:30:02,3343.61,10
2582,09:30:02,3343.61,1
2583,09:30:02,3343.61,1
2584,09:30:02,3343.61,1
2585,09:30:02,3343.61,1
2586,09:30:02,3343.61,1
2587,09:30:02,3343.61,1
2588,09:30:02,3343.61,3
2589,09:30:02,3343.61,2
2590,09:30:02,3343.61,5
2591,09:30:02,3343.61,6
2592,09:30:02,3343.61,46
2593,09:30:02,3343.61,2
2594,09:30:02,3343.61,2
2595,09:30:02,3343.61,27
2596,09:30:02,3343.61,5
2597,09:30:02,3343.61,3
2598,09:30:02,3343.61,2
2599,09:30:02,3343.61,1
2600,09:30:02,3343.61,1
2601,09:30:02,3343.61,1
2602,09:30:02,3343.61,1
2603,09:30:02,3343.61,1
2604,09:30:02,3343.61,1
2605,09:30:02,3343.61,2
2606,09:30:02,3343.61,124
2607,09:30:02,3343.61,2
2608,09:30:02,3343.61,2
2609,09:30:02,3343.61,5
2610,09:30:02,3343.61,1
2611,09:30:02,3343.61,1
2612,09:30:02,3343.61,1
2613,09:30:02,3343.61,1
2614,09:30:02,3343.61,1
2615,09:30:02,3343.61,5
2616,09:30:02,3343.61,5
2617,09:30:02,3343.61,5
2618,09:30:02,3343.61,4
2619,09:30:02,3343.61,5
2620,09:30:02,3343.61,1
2621,09:30:02,3343.61,3
2622,09:30:02,3343.61,1
2623,09:30:02,3343.61,1
2624,09:30:02,3343.61,1
2625,09:30:02,3343.61,1
2626,09:30:02,3343.61,1
2627,09:30:02,3343.61,1
2628,09:30:02,3343.61,1
2629,09:30:02,3343.61,1
2630,09:30:02,3343.61,1
2631,09:30:02,3343.61,2
2632,09:30:02,3343.61,1
2633,09:30:02,3343.61,1
2634,09:30:02,3343.61,10
2635,09:30:02,3343.61,1
2636,09:30:02,3343.61,1
2637,09:30:02,3343.61,1
2638,09:30:02,3343.61,1
2639,09:30:02,3343.61,1
2640,09:30:02,3343.61,1
2641,09:30:02,3343.61,2
2642,09:30:02,3343.61,1
2643,09:30:02,3343.61,10
2644,09:30:02,3343.61,2
2645,09:30:02,3343.61,1
2646,09:30:02,3343.61,1
2647,09:30:02,3343.61,1
2648,09:30:02,3343.61,1
2649,09:30:02,3343.61,1
2650,09:30:02,3343.61,1
2651,09:30:02,3343.61,1
2652,09:30:02,3343.61,10
2653,09:30:02,3343.61,8
2654,09:30:02,3343.61,1
2655,09:30:02,3343.61,1
2656,09:30:02,3343.61,1
2657,09:30:02,3343.61,3
2658,09:30:02,3343.61,1
2659,09:30:02,3343.61,6
2660,09:30:02,3343.61,1
2661,09:30:02,3343.61,1
2662,09:30:02,3343.61,2
2663,09:30:02,3343.61,2
2664,09:30:02,3343.61,2
2665,09:30:02,3343.61,1
2666,09:30:02,3343.61,2
2667,09:30:02,3343.61,1
2668,09:30:02,3343.61,1
2669,09:30:02,3343.61,4
2670,09:30:02,3343.61,3
2671,09:30:02,3343.61,2
2672,09:30:02,3343.61,1
2673,09:30:02,3343.61,5
2674,09:30:02,3343.61,1
2675,09:30:02,3343.61,1
2676,09:30:02,3343.61,1
2677,09:30:02,3343.61,1
2678,09:30:02,3343.61,1
2679,09:30:02,3343.61,1
2680,09:30:02,3343.61,1
2681,09:30:02,3343.61,1
2682,09:30:02,3343.61,2
2683,09:30:02,3343.61,1
2684,09:30:02,3343.61,1
2685,09:30:02,3343.61,1
2686,09:30:02,3343.61,1
2687,09:30:02,3343.61,1
2688,09:30:02,3343.61,1
2689,09:30:02,3343.61,1
2690,09:30:02,3343.61,1
2691,09:30:02,3343.61,1
2692,09:30:02,3343.61,5
2693,09:30:02,3343.61,5
2694,09:30:02,3343.61,3
2695,09:30:02,3343.61,1
2696,09:30:02,3343.61,1
2697,09:30:02,3343.61,5
2698,09:30:02,3343.61,583
2699,09:30:02,3343.61,261
2700,09:30:02,3343.61,51
2701,09:30:02,3343.61,1
2702,09:30:02,3343.61,1
2703,09:30:02,3343.61,1
2704,09:30:02,3343.61,220
2705,09:30:02,3343.61,9
2706,09:30:02,3343.61,1
2707,09:30:02,3343.61,2
2708,09:30:02,3343.61,4
2709,09:30:02,3343.61,3
2710,09:30:02,3343.61,1
2711,09:30:02,3343.61,1
2712,09:30:02,3343.61,2
2713,09:30:02,3343.61,1
2714,09:30:02,3343.61,1
2715,09:30:02,3343.61,1
2716,09:30:02,3343.61,3
2717,09:30:02,3343.61,2
2718,09:30:02,3343.61,2
2719,09:30:02,3343.61,1
2720,09:30:02,3343.61,3
2721,09:30:02,3343.61,2
2722,09:30:02,3343.61,1
2723,09:30:02,3343.61,3
2724,09:30:02,3343.61,1
2725,09:30:02,3343.61,1
2726,09:30:02,3343.61,1
2727,09:30:02,3343.61,1
2728,09:30:02,3343.61,1
2729,09:30:02,3343.61,1
2730,09:30:02,3343.61,1
2731,09:30:02,3343.61,1
2732,09:30:02,3343.61,2
2733,09:30:02,3343.61,14
2734,09:30:02,3343.61,1
2735,09:30:02,3343.61,2
2736,09:30:02,3343.61,2
2737,09:30:02,3343.61,1
2738,09:30:02,3343.61,1
2739,09:30:02,3343.61,2
2740,09:30:02,3343.61,2
2741,09:30:02,3343.61,1
2742,09:30:02,3343.61,1
2743,09:30:02,3343.61,3
2744,09:30:02,3343.61,1
2745,09:30:02,3343.61,2
2746,09:30:02,3343.61,1
2747,09:30:02,3343.61,1
2748,09:30:02,3343.61,1
2749,09:30:02,3343.61,2
2750,09:30:02,3343.61,1
2751,09:30:02,3343.61,1
2752,09:30:02,3343.61,2
2753,09:30:02,3343.61,2
2754,09:30:02,3343.61,2
2755,09:30:02,3343.61,6
2756,09:30:02,3343.61,3
2757,09:30:02,3343.61,4
2758,09:30:02,3343.61,2
2759,09:30:02,3343.61,3
2760,09:30:02,3343.61,9
2761,09:30:02,3343.61,1
2762,09:30:02,3343.61,1
2763,09:30:02,3343.61,1
2764,09:30:02,3343.61,1
2765,09:30:02,3343.61,2
2766,09:30:02,3343.61,1
2767,09:30:02,3343.61,1
2768,09:30:02,3343.61,2
2769,09:30:02,3343.61,1
2770,09:30:02,3343.61,1
2771,09:30:02,3343.61,2
2772,09:30:02,3343.61,1
2773,09:30:02,3343.61,3
2774,09:30:02,3343.61,1
2775,09:30:02,3343.61,400
2776,09:30:02,3343.61,59
2777,09:30:02,3343.61,18
2778,09:30:02,3343.61,116
2779,09:30:02,3343.61,10
2780,09:30:02,3343.61,5
2781,09:30:02,3343.61,1
2782,09:30:02,3343.61,1
2783,09:30:02,3343.61,12
2784,09:30:02,3343.61,13
2785,09:30:02,3343.61,1
2786,09:30:02,3343.61,33
2787,09:30:02,3343.61,500
2788,09:30:02,3343.61,400
2789,09:30:02,3343.61,166
2790,09:30:02,3343.61,6
2791,09:30:02,3343.61,41
2792,09:30:02,3343.61,8
2793,09:30:02,3343.61,139
2794,09:30:02,3343.61,200
2795,09:30:02,3343.61,159
2796,09:30:02,3343.61,21
2797,09:30:02,3343.61,56
2798,09:30:02,3343.61,1
2799,09:30:02,3343.61,4
2800,09:30:02,3343.61,19
2801,09:30:02,3343.61,31
2802,09:30:02,3343.61,31
2803,09:30:02,3343.61,30
2804,09:30:02,3343.61,30
2805,09:30:02,3343.61,30
2806,09:30:02,3343.61,30
2807,09:30:02,3343.61,3
2808,09:30:02,3343.61,1
2809,09:30:02,3343.61,1
2810,09:30:02,3343.61,10
2811,09:30:02,3343.61,10
2812,09:30:02,3343.61,1
2813,09:30:02,3343.61,110
2814,09:30:02,3343.61,4
2815,09:30:02,3343.61,1
2816,09:30:02,3343.61,11
2817,09:30:02,3343.61,5
2818,09:30:02,3343.61,8
2819,09:30:02,3343.61,3
2820,09:30:02,3343.61,17
2821,09:30:02,3343.61,1
2822,09:30:02,3343.61,3
2823,09:30:02,3343.61,9
2824,09:30:02,3343.61,1
2825,09:30:02,3343.61,1
2826,09:30:02,3343.61,2
2827,09:30:02,3343.61,150
2828,09:30:02,3343.61,5
2829,09:30:02,3343.61,15
2830,09:30:02,3343.61,600
2831,09:30:02,3343.61,6
2832,09:30:02,3343.61,16
2833,09:30:02,3343.61,10
2834,09:30:02,3343.61,1
2835,09:30:02,3343.61,3
2836,09:30:02,3343.61,8
2837,09:30:02,3343.61,50
2838,09:30:02,3343.61,2
2839,09:30:02,3343.61,5
2840,09:30:02,3343.61,2
2841,09:30:02,3343.61,7
2842,09:30:02,3343.9,100
2843,10:29:57,3343.75,100
2844,10:29:57,3344.52,100
2845,10:29:52,3345.62,100
2846,10:29:52,3345.59,100
2847,10:29:52,3345.59,100
2848,10:29:28,3345.786,100
2849,10:29:14,3344.3012,500
2850,10:29:11,3344.71,106
2851,10:29:09,3344.14,100
2852,10:28:46,3343.655,100
2853,10:28:36,3344.23,100
2854,10:28:36,3343.96,100
2855,10:28:36,3344.0,114
2856,10:28:36,3344.0,388
2857,10:28:36,3344.0,100
2858,10:28:29,3343.95,100
2859,10:28:29,3343.01,100
2860,10:28:28,3343.91,100
2861,10:28:28,3344.0,100
2862,10:28:28,3344.0,100
2863,10:28:28,3343.92,100
2864,10:28:28,3343.95,100
2865,10:28:28,3344.0,343
2866,10:28:27,3343.8263,200
2867,10:28:26,3342.8,100
2868,10:28:24,3342.97,100
2869,10:28:24,3342.45,100
2870,10:28:24,3342.42,112
2871,10:28:24,3342.44,100
2872,10:28:19,3342.9227,336
2873,10:28:19,3342.9227,789
2874,10:28:18,3343.335,1250
2875,10:28:09,3343.39,400
2876,10:27:50,3341.46,100
2877,10:27:39,3341.98,400
2878,10:27:32,3342.0,247
2879,10:27:31,3341.3,100
2880,10:27:31,3340.86,360
2881,10:27:29,3340.86,320
2882,10:27:29,3340.965,100
2883,10:27:29,3341.055,100
2884,10:27:29,3340.0,100
2885,10:27:25,3341.9299,200
2886,10:27:22,3341.8037,100
2887,10:27:22,3340.955,500
2888,10:27:21,3341.55,100
2889,10:27:21,3340.69,500
2890,10:27:20,3340.69,500
2891,10:27:12,3340.35,100
2892,10:27:12,3340.6,380
2893,10:26:55,3339.545,100
2894,10:26:46,3337.75,200
2895,10:26:29,3337.93,100
2896,10:26:29,3337.95,100
2897,10:26:29,3337.91,100
2898,10:26:20,3336.54,100
2899,10:25:56,3337.005,100
2900,10:25:54,3337.0,100
2901,10:25:54,3336.91,100
2902,10:25:42,3336.2007,100
2903,10:25:37,3335.92,200
2904,10:25:37,3335.7,100
2905,10:25:37,3335.7,100
2906,10:25:23,3336.0,120
2907,10:24:56,3333.775,200
2908,10:24:43,3335.23,120
2909,10:24:21,3334.0,100
2910,10:24:21,3334.0,100
2911,10:24:14,3334.4,100
2912,10:24:03,3333.31,100
2913,10:24:03,3333.3,100
2914,10:24:03,3333.0,100
2915,10:24:03,3333.0,100
2916,10:24:03,3333.0,100
2917,10:24:03,3333.0,149
2918,10:24:02,3333.22,100
2919,10:24:00,3333.22,100
2920,10:24:00,3333.2,100
2921,10:24:00,3333.37,100
2922,10:23:51,3334.42,100
2923,10:23:42,3334.3907,150
2924,10:23:21,3334.01,100
2925,10:23:05,3334.25,100
2926,10:22:44,3334.5509,113
2927,10:22:37,3333.36,100
2928,10:22:37,3333.33,100
2929,10:22:37,3333.33,100
2930,10:22:37,3334.09,100
2931,10:22:37,3334.06,100
2932,10:22:37,3334.0,100
2933,10:22:36,3334.53,100
2934,10:22:35,3334.53,100
2935,10:22:12,3334.08,100
2936,10:22:12,3334.08,100
2937,10:22:12,3334.51,100
2938,10:22:12,3334.5,100
2939,10:22:12,3335.6,100
2940,10:21:58,3336.2,100
2941,10:21:46,3336.68,100
2942,10:21:25,3334.07,100
2943,10:21:25,3334.47,100
2944,10:21:25,3334.47,100
2945,10:20:51,3335.83,100
2946,10:20:49,3336.39,100
2947,10:20:49,3336.37,100
2948,10:20:49,3336.37,100
2949,10:20:49,3336.63,100
2950,10:20:49,3336.39,100
2951,10:20:49,3337.03,100
2952,10:20:49,3336.63,200
2953,10:20:49,3336.4,100
2954,10:20:37,3337.11,100
2955,10:20:37,3336.68,100
2956,10:20:37,3336.68,200
2957,10:20:37,3336.68,100
2958,10:20:37,3336.8,100
2959,10:20:28,3336.1177,100
2960,10:19:59,3335.175,100
2961,10:19:36,3335.8,100
2962,10:19:27,3335.69,100
2963,10:19:25,3335.69,100
2964,10:19:25,3335.69,100
2965,10:19:21,3334.48,100
2966,10:19:00,3334.912,500
2967,10:18:51,3334.94,100
2968,10:18:47,3333.78,100
2969,10:18:47,3334.3,100
2970,10:18:47,3334.29,100
2971,10:18:47,3334.65,100
2972,10:18:45,3334.66,100
2973,10:18:45,3335.28,100
2974,10:18:45,3336.05,100
2975,10:18:29,3336.5,100
2976,10:18:29,3336.5,200
2977,10:18:26,3337.38,100
2978,10:18:26,3337.37,100
2979,10:18:26,3337.38,100
2980,10:18:26,3337.38,200
2981,10:17:54,3337.33,100
2982,10:17:47,3337.12,100
2983,10:17:47,3337.1,100
2984,10:17:41,3336.25,100
2985,10:17:15,3335.6,100
2986,10:17:15,3335.75,100
2987,10:17:15,3335.9,100
2988,10:17:13,3336.51,100
2989,10:17:03,3337.54,100
2990,10:16:23,3337.22,100
2991,10:16:22,3336.59,189
2992,10:16:14,3337.0,382
2993,10:16:11,3336.33,121
2994,10:16:10,3337.01,100
2995,10:16:10,3337.0,187
2996,10:16:08,3337.02,100
2997,10:16:07,3337.48,100
2998,10:16:07,3337.48,100
2999,10:15:44,3337.4696,200
3000,10:15:33,3337.08,100
3001,10:15:13,3336.2232,172
3002,10:15:09,3339.0,100
3003,10:15:07,3338.32,100
3004,10:14:52,3339.34,100
3005,10:14:52,3339.63,100
3006,10:14:52,3339.62,100
3007,10:14:52,3339.53,100
3008,10:14:52,3339.5,100
3009,10:14:37,3339.6243,447
3010,10:14:21,3340.37,100
3011,10:14:08,3340.0,100
3012,10:13:56,3340.68,100
3013,10:13:56,3340.93,100
3014,10:13:52,3340.25,100
3015,10:13:31,3341.47,100
3016,10:13:31,3341.47,161
3017,10:13:31,3341.47,100
3018,10:13:31,3340.96,100
3019,10:12:59,3340.7,100
3020,10:12:55,3339.23,100
3021,10:12:55,3339.29,100
3022,10:12:55,3338.44,100
3023,10:12:55,3338.45,100
3024,10:12:52,3337.79,100
3025,10:12:40,3339.07,194
3026,10:12:30,3339.09,100
3027,10:12:15,3340.015,100
3028,10:12:13,3340.01,250
3029,10:12:11,3340.69,100
3030,10:12:11,3339.8631,100
3031,10:12:04,3339.7099,100
3032,10:12:01,3338.51,100
3033,10:12:01,3338.77,100
3034,10:11:43,3340.0,100
3035,10:11:39,3338.95,100
3036,10:11:39,3339.0,100
3037,10:11:39,3339.0,200
3038,10:11:38,3337.485,100
3039,10:11:38,3337.9,100
3040,10:11:27,3337.0,100
3041,10:10:52,3333.985,100
3042,10:10:41,3335.0,100
3043,10:10:37,3335.3384,300
3044,10:10:13,3333.82,100
3045,10:10:10,3333.435,100
3046,10:10:10,3333.44,100
3047,10:10:10,3334.0,100
3048,10:10:10,3334.0,120
3049,10:10:02,3334.04,100
3050,10:10:01,3334.0375,400
3051,10:10:00,3334.14,100
3052,10:09:50,3333.605,100
3053,10:09:50,3333.95,233
3054,10:08:47,3331.12,115
3055,10:08:47,3331.12,100
3056,10:08:33,3332.19,100
3057,10:08:31,3332.88,100
3058,10:08:31,3333.12,100
3059,10:08:26,3333.915,100
3060,10:07:56,3333.98,100
3061,10:07:55,3333.64,100
3062,10:07:48,3333.89,100
3063,10:07:47,3333.5,200
3064,10:07:46,3333.26,100
3065,10:07:44,3333.64,100
3066,10:07:23,3333.845,200
3067,10:07:16,3333.335,100
3068,10:07:16,3333.3316,300
3069,10:07:11,3333.84,120
3070,10:06:44,3332.41,100
3071,10:06:44,3332.47,100
3072,10:06:44,3332.42,100
3073,10:06:32,3332.925,1250
3074,10:06:31,3332.32,100
3075,10:06:30,3331.25,100
3076,10:06:26,3331.2141,250
3077,10:06:24,3330.83,100
3078,10:06:04,3330.5,100
3079,10:06:04,3330.5,750
3080,10:06:03,3332.0,100
3081,10:06:03,3331.0561,1250
3082,10:05:45,3329.71,100
3083,10:05:37,3329.75,100
3084,10:05:21,3329.265,300
3085,10:05:19,3329.0,100
3086,10:05:19,3329.0,100
3087,10:05:16,3329.9999,100
3088,10:05:08,3330.01,100
3089,10:04:41,3330.55,100
3090,10:04:36,3329.365,100
3091,10:04:36,3329.68,100
3092,10:04:36,3329.68,100
3093,10:04:36,3329.68,114
3094,10:04:19,3330.0,100
3095,10:04:19,3330.0,100
3096,10:04:19,3330.0,150
3097,10:04:19,3330.0,100
3098,10:04:19,3331.0,100
3099,10:03:54,3331.0,100
3100,10:03:53,3331.0,100
3101,10:03:53,3331.0,100
3102,10:03:53,3331.0,100
3103,10:03:17,3331.05,100
3104,10:03:17,3331.02,100
3105,10:03:17,3331.49,100
3106,10:03:16,3331.6,100
3107,10:03:13,3333.93,100
3108,10:03:02,3333.4,100
3109,10:03:02,3333.25,141
3110,10:03:02,3333.25,122
3111,10:02:43,3332.65,100
3112,10:02:43,3332.82,100
3113,10:02:04,3334.405,100
3114,10:01:43,3331.41,100
3115,10:01:36,3331.895,100
3116,10:01:36,3332.325,100
3117,10:01:36,3333.09,100
3118,10:01:36,3332.27,100
3119,10:01:36,3332.27,100
3120,10:01:36,3332.28,100
3121,10:01:36,3332.58,100
3122,10:01:36,3332.58,100
3123,10:01:11,3332.125,100
3124,10:01:03,3332.655,100
3125,10:01:03,3332.037,100
3126,10:01:03,3332.0,200
3127,10:01:03,3332.01,200
3128,10:01:03,3332.03,100
3129,10:01:03,3332.0035,100
3130,10:01:03,3332.26,100
3131,10:01:00,3332.63,100
3132,10:01:00,3333.0,100
3133,10:01:00,3333.0,100
3134,10:00:53,3334.32,100
3135,10:00:53,3334.31,100
3136,10:00:53,3334.32,100
3137,10:00:53,3334.32,100
3138,10:00:43,3334.67,122
3139,10:00:41,3334.61,100
3140,10:00:41,3334.61,100
3141,10:59:13,3340.82,100
3142,10:58:59,3340.16,200
3143,10:58:56,3339.5879,254
3144,10:58:56,3340.0,112
3145,10:58:56,3340.0,100
3146,10:58:56,3340.02,100
3147,10:58:49,3340.44,100
3148,10:58:40,3341.655,100
3149,10:57:35,3342.65,100
3150,10:57:35,3343.0,100
3151,10:57:35,3343.58,400
3152,10:57:27,3344.0,536
3153,10:57:27,3344.0,100
3154,10:57:27,3344.0,191
3155,10:57:24,3344.05,100
3156,10:57:24,3344.05,100
3157,10:57:24,3344.01,100
3158,10:57:24,3344.06,100
3159,10:57:24,3344.01,100
3160,10:57:13,3344.01,100
3161,10:57:13,3344.0,400
3162,10:57:12,3344.13,100
3163,10:57:11,3345.06,100
3164,10:57:11,3345.0,100
3165,10:57:11,3345.0,100
3166,10:57:05,3345.36,100
3167,10:56:48,3345.725,1250
3168,10:56:27,3345.55,100
3169,10:56:25,3345.44,100
3170,10:56:19,3346.425,100
3171,10:56:19,3346.98,200
3172,10:56:19,3346.53,100
3173,10:56:19,3346.9,100
3174,10:55:59,3346.29,100
3175,10:55:59,3345.91,100
3176,10:55:57,3345.94,100
3177,10:55:57,3345.9202,100
3178,10:55:57,3345.92,100
3179,10:55:57,3346.0,420
3180,10:55:57,3345.92,100
3181,10:55:56,3346.3758,1250
3182,10:55:45,3347.8699,150
3183,10:55:39,3346.7915,400
3184,10:55:36,3346.35,100
3185,10:55:21,3346.01,200
3186,10:54:45,3345.615,1250
3187,10:54:08,3344.545,100
3188,10:54:08,3345.09,100
3189,10:54:08,3345.04,100
3190,10:54:03,3344.0003,100
3191,10:54:03,3344.62,100
3192,10:54:00,3345.62,100
3193,10:53:47,3344.59,1000
3194,10:53:45,3345.9,100
3195,10:53:17,3344.0,100
3196,10:53:17,3344.0,100
3197,10:53:17,3344.0,109
3198,10:53:17,3344.0,130
3199,10:53:17,3344.0,200
3200,10:53:14,3344.525,100
3201,10:53:12,3345.075,100
3202,10:53:03,3344.985,1250
3203,10:53:01,3344.0,100
3204,10:53:01,3344.0,100
3205,10:52:54,3343.955,100
3206,10:52:47,3341.71,100
3207,10:52:46,3343.21,259
3208,10:52:46,3343.0,100
3209,10:52:46,3342.57,100
3210,10:52:46,3342.58,100
3211,10:52:45,3342.405,100
3212,10:52:41,3342.1875,1250
3213,10:52:39,3341.68,100
3214,10:52:34,3341.58,200
3215,10:52:23,3341.0,100
3216,10:52:09,3341.0,100
3217,10:52:06,3341.6179,205
3218,10:52:06,3342.01,100
3219,10:52:06,3341.61,100
3220,10:52:06,3342.02,100
3221,10:52:06,3342.12,100
3222,10:52:06,3342.09,100
3223,10:52:06,3342.2242,100
3224,10:52:06,3341.88,100
3225,10:52:06,3341.72,100
3226,10:52:06,3341.69,100
3227,10:52:05,3342.345,1250
3228,10:52:02,3342.21,100
3229,10:51:56,3343.3398,100
3230,10:51:52,3343.61,100
3231,10:51:30,3341.3823,299
3232,10:51:30,3341.5,109
3233,10:51:30,3341.3823,285
3234,10:51:23,3341.92,400
3235,10:51:20,3341.78,100
3236,10:51:18,3341.84,100
3237,10:51:14,3342.63,100
3238,10:50:40,3343.46,100
3239,10:50:26,3342.03,100
3240,10:50:20,3343.405,100
3241,10:50:19,3342.655,1250
3242,10:49:42,3342.75,100
3243,10:49:34,3342.74,250
3244,10:49:31,3344.12,100
3245,10:49:27,3345.845,100
3246,10:49:22,3345.31,100
3247,10:49:04,3344.825,1250
3248,10:49:03,3344.7,112
3249,10:49:03,3344.3,112
3250,10:49:03,3345.21,100
3251,10:49:03,3345.21,100
3252,10:49:03,3344.75,100
3253,10:49:03,3345.38,100
3254,10:49:03,3345.55,100
3255,10:49:03,3345.55,100
3256,10:49:03,3345.55,100
3257,10:49:03,3345.62,100
3258,10:49:03,3345.06,100
3259,10:49:03,3345.01,100
3260,10:49:03,3344.97,100
3261,10:49:03,3345.19,100
3262,10:49:03,3345.18,100
3263,10:48:52,3344.305,1250
3264,10:48:36,3344.04,336
3265,10:48:36,3344.04,799
3266,10:48:35,3344.225,1250
3267,10:48:33,3344.24,100
3268,10:48:06,3345.0,135
3269,10:48:06,3343.8534,189
3270,10:48:06,3344.99,100
3271,10:48:06,3344.99,120
3272,10:48:06,3344.62,100
3273,10:48:06,3344.77,100
3274,10:47:51,3342.95,100
3275,10:47:47,3344.55,1250
3276,10:47:46,3344.205,100
3277,10:47:42,3344.99,100
3278,10:47:42,3344.99,100
3279,10:47:42,3344.99,100
3280,10:47:12,3345.01,100
3281,10:47:12,3345.09,100
3282,10:47:10,3345.29,100
3283,10:47:08,3346.05,100
3284,10:47:03,3345.0001,100
3285,10:46:49,3346.665,100
3286,10:46:48,3347.1148,100
3287,10:46:30,3346.66,244
3288,10:46:26,3346.48,100
3289,10:46:18,3347.13,1250
3290,10:46:17,3347.13,244
3291,10:46:14,3346.685,100
3292,10:46:14,3348.26,100
3293,10:46:12,3348.5,100
3294,10:46:01,3348.7,250
3295,10:45:52,3349.11,100
3296,10:45:46,3349.22,100
3297,10:45:34,3349.39,100
3298,10:45:34,3349.39,100
3299,10:45:30,3350.17,114
3300,10:45:21,3350.01,100
3301,10:45:14,3350.01,100
3302,10:45:00,3350.12,100
3303,10:44:59,3351.26,1250
3304,10:44:58,3351.09,100
3305,10:44:58,3351.05,100
3306,10:44:58,3350.69,100
3307,10:44:58,3350.65,100
3308,10:44:58,3351.8292,100
3309,10:44:58,3351.78,100
3310,10:44:58,3351.7,100
3311,10:44:58,3351.8292,100
3312,10:44:58,3351.52,100
3313,10:44:58,3351.47,100
3314,10:44:58,3351.38,100
3315,10:44:58,3351.27,100
3316,10:44:53,3351.83,1250
3317,10:44:52,3351.6962,1250
3318,10:44:47,3351.5185,140
3319,10:44:39,3352.59,100
3320,10:44:37,3353.25,100
3321,10:44:32,3352.265,100
3322,10:44:31,3353.0,250
3323,10:44:31,3353.0,100
3324,10:44:25,3351.96,175
3325,10:44:25,3352.02,100
3326,10:44:25,3351.76,227
3327,10:44:22,3350.585,100
3328,10:44:15,3351.015,100
3329,10:44:01,3350.9,1250
3330,10:43:59,3350.895,1250
3331,10:43:58,3351.2433,1164
3332,10:43:27,3350.715,1250
3333,10:43:04,3351.74,100
3334,10:43:04,3351.73,100
3335,10:42:28,3351.7,100
3336,10:42:22,3350.64,100
3337,10:42:11,3351.0034,298
3338,10:42:11,3350.995,100
3339,10:42:05,3351.005,200
3340,10:42:04,3350.08,100
3341,10:42:02,3350.24,100
3342,10:41:55,3351.08,100
3343,10:41:40,3352.11,100
3344,10:41:35,3351.25,100
3345,10:41:29,3351.27,100
3346,10:41:17,3351.865,100
3347,10:40:54,3352.53,244
3348,10:40:41,3353.0,400
3349,10:40:41,3352.55,100
3350,10:40:40,3352.535,240
3351,10:40:28,3352.32,100
3352,10:40:28,3352.0,113
3353,10:40:22,3351.0,100
3354,10:40:11,3351.48,100
3355,10:40:11,3351.56,100
3356,10:40:11,3351.64,100
3357,10:40:05,3351.53,250
3358,10:40:04,3351.2448,100
3359,10:39:51,3350.42,100
3360,10:39:51,3350.41,100
3361,10:39:30,3350.88,500
3362,10:39:21,3350.875,100
3363,10:39:05,3351.0,297
3364,10:39:03,3350.01,100
3365,10:39:03,3350.0,100
3366,10:38:53,3350.37,100
3367,10:38:50,3350.0,100
3368,10:38:50,3350.01,100
3369,10:38:50,3350.01,100
3370,10:38:50,3350.0,100
3371,10:38:50,3350.0,100
3372,10:38:49,3350.12,100
3373,10:38:49,3350.0,100
3374,10:38:49,3350.0,102
3375,10:38:33,3350.0,100
3376,10:38:33,3350.0,100
3377,10:38:28,3350.89,600
3378,10:38:26,3351.69,500
3379,10:38:25,3351.5725,100
3380,10:38:25,3351.64,100
3381,10:38:25,3351.72,129
3382,10:38:25,3351.58,100
3383,10:38:25,3351.64,100
3384,10:38:25,3351.58,100
3385,10:38:15,3351.1,250
3386,10:38:08,3351.75,100
3387,10:37:58,3352.3,200
3388,10:37:49,3352.46,100
3389,10:37:49,3351.87,500
3390,10:37:43,3351.62,100
3391,10:37:43,3351.42,100
3392,10:37:43,3351.13,100
3393,10:37:43,3351.18,100
3394,10:37:32,3350.42,150
3395,10:37:32,3350.43,1250
3396,10:37:31,3350.0892,1250
3397,10:37:10,3351.41,100
3398,10:37:08,3351.19,100
3399,10:37:06,3350.51,1250
3400,10:37:05,3351.23,336
3401,10:37:05,3351.23,298
3402,10:37:05,3350.72,100
3403,10:37:05,3351.1,100
3404,10:37:05,3350.7,100
3405,10:37:05,3351.12,100
3406,10:37:04,3350.51,100
3407,10:37:01,3350.425,1250
3408,10:36:58,3351.33,1000
3409,10:36:58,3351.62,100
3410,10:36:58,3351.62,100
3411,10:36:57,3351.67,100
3412,10:36:47,3352.8274,114
3413,10:36:47,3352.863,146
3414,10:36:36,3353.3,100
3415,10:36:36,3353.3,100
3416,10:36:36,3353.33,100
3417,10:36:36,3353.33,100
3418,10:36:36,3353.28,100
3419,10:36:36,3353.28,100
3420,10:36:36,3353.3,200
3421,10:36:34,3353.55,100
3422,10:36:30,3353.69,1000
3423,10:36:29,3352.46,1250
3424,10:36:28,3353.16,750
3425,10:36:28,3353.37,100
3426,10:36:26,3354.225,100
3427,10:36:25,3354.88,100
3428,10:36:25,3354.81,100
3429,10:36:24,3354.31,100
3430,10:36:24,3354.155,1250
3431,10:36:21,3353.99,400
3432,10:36:21,3353.225,150
3433,10:36:20,3353.155,268
3434,10:36:20,3353.155,100
3435,10:36:19,3353.15,400
3436,10:36:19,3353.0,119
3437,10:36:13,3351.99,150
3438,10:36:12,3352.475,298
3439,10:36:12,3351.99,164
3440,10:36:12,3351.59,164
3441,10:36:12,3352.475,336
3442,10:36:12,3351.49,100
3443,10:36:12,3351.89,100
3444,10:36:12,3351.28,100
3445,10:36:11,3351.0,200
3446,10:36:11,3350.99,100
3447,10:36:10,3350.115,1250
3448,10:36:09,3350.5868,336
3449,10:36:09,3350.5868,298
3450,10:36:09,3350.5868,502
3451,10:35:54,3349.145,1250
3452,10:35:49,3349.98,100
3453,10:35:25,3350.2489,300
3454,10:35:19,3349.34,100
3455,10:35:11,3348.865,200
3456,10:34:55,3349.8678,140
3457,10:34:53,3349.0101,175
3458,10:34:53,3349.06,100
3459,10:34:53,3349.56,100
3460,10:34:53,3349.51,100
3461,10:34:44,3350.71,100
3462,10:34:44,3350.78,100
3463,10:34:42,3350.86,100
3464,10:34:34,3351.54,200
3465,10:34:31,3351.89,100
3466,10:34:31,3351.89,100
3467,10:34:30,3351.89,100
3468,10:34:30,3351.87,100
3469,10:34:25,3350.5,100
3470,10:34:22,3349.9608,1250
3471,10:34:03,3348.8629,100
3472,10:34:02,3350.0,100
3473,10:34:02,3349.21,100
3474,10:33:50,3349.28,100
3475,10:33:50,3348.69,100
3476,10:33:44,3348.54,500
3477,10:33:42,3347.22,300
3478,10:33:27,3348.15,1250
3479,10:33:26,3348.6755,1250
3480,10:32:44,3348.16,100
3481,10:32:25,3350.0,100
3482,10:32:25,3349.99,400
3483,10:32:25,3349.8,100
3484,10:32:25,3349.64,100
3485,10:32:25,3349.64,100
3486,10:32:25,3349.0,100
3487,10:32:25,3348.78,100
3488,10:32:21,3348.26,240
3489,10:32:09,3347.6,100
3490,10:31:50,3347.15,1050
3491,10:31:50,3347.15,200
3492,10:31:49,3347.16,1250
3493,10:31:49,3346.6527,200
3494,10:31:32,3347.46,1250
3495,10:31:25,3348.51,100
3496,10:31:23,3348.0575,400
3497,10:31:21,3348.13,100
3498,10:31:20,3348.555,1250
3499,10:31:06,3348.01,100
3500,10:30:56,3347.1801,100
3501,10:30:51,3348.54,100
3502,10:30:51,3348.54,100
3503,10:30:50,3347.47,100
3504,10:30:49,3347.4511,336
3505,10:30:49,3347.4511,125
3506,10:30:48,3347.99,100
3507,10:30:47,3347.8086,120
3508,10:30:47,3347.8086,1130
3509,10:30:46,3348.51,100
3510,10:30:46,3347.875,1250
3511,10:30:41,3347.8775,400
3512,10:30:40,3348.36,375
3513,10:30:38,3347.62,100
3514,10:30:38,3347.57,131
3515,10:30:31,3347.5501,200
3516,10:30:07,3345.6092,200
3517,11:29:54,3343.025,100
3518,11:29:03,3343.505,100
3519,11:28:56,3344.4442,336
3520,11:28:56,3344.4442,220
3521,11:28:44,3343.0,100
3522,11:28:40,3342.37,100
3523,11:28:19,3341.34,100
3524,11:28:19,3341.35,100
3525,11:28:19,3341.35,100
3526,11:28:17,3340.92,100
3527,11:28:05,3341.37,100
3528,11:28:04,3341.6825,100
3529,11:27:44,3342.1539,200
3530,11:27:42,3341.7,100
3531,11:27:36,3340.95,100
3532,11:26:57,3340.83,100
3533,11:26:45,3340.1901,100
3534,11:25:57,3339.53,100
3535,11:25:52,3339.0,100
3536,11:25:40,3338.48,100
3537,11:25:35,3337.94,200
3538,11:25:16,3338.5,100
3539,11:24:58,3339.0,100
3540,11:24:57,3338.74,100
3541,11:24:57,3338.4,100
3542,11:24:57,3338.74,100
3543,11:24:54,3338.34,100
3544,11:23:50,3338.7381,264
3545,11:23:49,3338.02,100
3546,11:23:19,3338.02,100
3547,11:23:01,3338.23,100
3548,11:23:01,3338.24,100
3549,11:22:46,3338.89,100
3550,11:22:31,3339.2256,100
3551,11:22:29,3339.71,100
3552,11:22:18,3339.0,100
3553,11:22:00,3339.0627,150
3554,11:21:53,3338.96,100
3555,11:21:43,3336.64,100
3556,11:21:09,3339.0,100
3557,11:20:39,3340.265,100
3558,11:20:34,3340.0,100
3559,11:20:34,3340.0,100
3560,11:20:31,3338.8014,100
3561,11:19:53,3338.8283,100
3562,11:19:48,3338.5,100
3563,11:19:26,3339.88,100
3564,11:19:19,3339.83,100
3565,11:19:12,3339.56,100
3566,11:19:07,3340.03,291
3567,11:19:02,3340.88,100
3568,11:18:57,3340.94,100
3569,11:18:53,3340.26,229
3570,11:18:44,3340.225,100
3571,11:18:02,3340.0,100
3572,11:18:02,3339.72,100
3573,11:17:54,3339.7139,100
3574,11:17:34,3338.87,100
3575,11:17:26,3339.44,275
3576,11:17:25,3339.8699,100
3577,11:17:15,3339.7687,100
3578,11:16:52,3339.91,100
3579,11:16:26,3339.28,100
3580,11:16:17,3338.5,100
3581,11:16:02,3337.94,100
3582,11:15:28,3337.49,100
3583,11:15:28,3337.49,100
3584,11:15:27,3337.2828,100
3585,11:15:10,3337.49,229
3586,11:15:02,3337.4081,100
3587,11:14:44,3338.0,100
3588,11:14:33,3339.065,100
3589,11:14:16,3338.4214,100
3590,11:14:14,3339.41,100
3591,11:13:53,3339.925,100
3592,11:13:46,3339.0,102
3593,11:13:46,3339.0,194
3594,11:13:41,3339.01,100
3595,11:13:41,3339.38,100
3596,11:13:13,3340.0767,100
3597,11:13:04,3341.0,100
3598,11:12:05,3341.51,100
3599,11:11:52,3340.605,150
3600,11:11:00,3342.08,100
3601,11:11:00,3341.99,100
3602,11:10:47,3342.98,100
3603,11:10:23,3343.0343,100
3604,11:10:12,3343.62,250
3605,11:09:54,3343.58,100
3606,11:09:36,3341.66,100
3607,11:09:36,3341.66,100
3608,11:08:47,3341.0,115
3609,11:08:47,3341.12,100
3610,11:08:37,3341.0,100
3611,11:08:37,3341.0,155
3612,11:08:37,3341.0,100
3613,11:08:29,3341.0,144
3614,11:08:29,3341.0,178
3615,11:08:28,3341.33,100
3616,11:08:28,3341.33,100
3617,11:07:40,3340.94,100
3618,11:06:28,3340.13,100
3619,11:06:28,3340.0,568
3620,11:06:25,3340.195,100
3621,11:06:15,3339.91,100
3622,11:05:56,3339.01,100
3623,11:05:56,3339.48,200
3624,11:05:28,3341.17,100
3625,11:05:25,3342.2,300
3626,11:05:22,3343.16,100
3627,11:05:06,3342.87,100
3628,11:05:06,3342.98,100
3629,11:04:08,3341.77,100
3630,11:04:07,3342.4581,100
3631,11:03:23,3345.385,150
3632,11:03:21,3345.72,100
3633,11:03:10,3346.625,150
3634,11:03:09,3347.25,100
3635,11:02:47,3344.38,100
3636,11:01:26,3342.1158,300
3637,11:01:10,3342.52,100
3638,11:00:42,3343.245,150
3639,11:00:31,3342.515,106
3640,11:59:29,3341.43,100
3641,11:59:24,3341.16,100
3642,11:58:59,3341.68,100
3643,11:58:59,3341.46,100
3644,11:58:36,3341.5,100
3645,11:58:28,3341.335,100
3646,11:58:22,3341.51,100
3647,11:58:16,3341.33,100
3648,11:58:15,3341.7865,100
3649,11:58:02,3341.4999,100
3650,11:57:47,3340.93,100
3651,11:57:45,3340.2578,100
3652,11:57:34,3340.6749,240
3653,11:57:25,3340.93,100
3654,11:56:16,3340.38,100
3655,11:56:16,3339.84,100
3656,11:56:05,3339.57,700
3657,11:55:28,3339.31,798
3658,11:55:28,3339.4,100
3659,11:55:21,3338.5201,150
3660,11:54:21,3339.56,100
3661,11:52:49,3338.23,100
3662,11:52:48,3338.37,100
3663,11:52:19,3339.78,100
3664,11:51:59,3339.2599,100
3665,11:51:59,3339.26,100
3666,11:51:57,3338.7,100
3667,11:51:57,3338.7,100
3668,11:51:57,3338.72,100
3669,11:51:20,3338.82,100
3670,11:50:59,3338.21,100
3671,11:50:16,3337.58,100
3672,11:49:57,3338.0,191
3673,11:49:12,3339.17,100
3674,11:49:12,3339.16,100
3675,11:48:49,3339.5,100
3676,11:48:22,3337.93,100
3677,11:46:52,3338.27,100
3678,11:46:39,3338.24,100
3679,11:45:39,3339.02,100
3680,11:45:27,3340.0,100
3681,11:45:25,3340.42,100
3682,11:44:18,3337.48,119
3683,11:44:18,3337.48,100
3684,11:43:41,3336.06,100
3685,11:43:38,3336.77,109
3686,11:43:19,3337.48,100
3687,11:43:17,3337.48,124
3688,11:43:17,3337.48,200
3689,11:43:17,3337.48,162
3690,11:43:17,3337.48,100
3691,11:43:07,3337.68,100
3692,11:43:07,3336.8,100
3693,11:42:45,3338.05,100
3694,11:42:38,3338.94,100
3695,11:42:38,3339.0538,802
3696,11:42:29,3338.08,100
3697,11:42:04,3338.2,100
3698,11:42:04,3338.2,100
3699,11:41:49,3337.4,100
3700,11:41:49,3337.51,100
3701,11:41:04,3337.87,100
3702,11:41:01,3337.65,100
3703,11:41:01,3337.71,100
3704,11:41:00,3337.6501,100
3705,11:40:59,3338.44,100
3706,11:40:45,3338.79,175
3707,11:40:26,3338.49,119
3708,11:40:15,3339.35,100
3709,11:40:15,3339.18,323
3710,11:40:15,3339.18,102
3711,11:40:15,3339.22,100
3712,11:40:15,3339.35,100
3713,11:40:15,3339.35,100
3714,11:39:46,3339.24,100
3715,11:39:43,3339.0,100
3716,11:39:35,3339.0,120
3717,11:39:10,3339.6212,100
3718,11:38:59,3340.485,100
3719,11:38:55,3340.5,100
3720,11:38:50,3341.1309,100
3721,11:37:39,3340.46,100
3722,11:37:31,3340.38,100
3723,11:37:31,3341.36,100
3724,11:36:53,3341.01,100
3725,11:36:01,3341.18,100
3726,11:35:53,3341.0829,240
3727,11:35:50,3341.63,100
3728,11:35:32,3342.7164,240
3729,11:35:31,3343.711,100
3730,11:35:15,3343.1,100
3731,11:35:15,3342.3,100
3732,11:35:15,3342.28,100
3733,11:34:54,3342.42,100
3734,11:33:22,3340.765,100
3735,11:33:13,3340.04,100
3736,11:33:13,3339.85,100
3737,11:32:12,3339.62,100
3738,11:31:53,3340.5,100
3739,11:31:53,3340.5,100
3740,11:31:53,3340.5,100
3741,11:31:53,3340.5,100
3742,11:31:53,3340.5,100
3743,11:31:53,3340.5,100
3744,11:31:53,3340.5,100
3745,11:31:53,3340.5,133
3746,11:31:53,3340.5,100
3747,11:31:41,3340.5,100
3748,11:31:18,3341.37,100
3749,11:31:05,3342.04,100
3750,12:29:44,3334.63,100
3751,12:29:43,3335.248,129
3752,12:29:38,3334.99,231
3753,12:29:38,3334.99,169
3754,12:29:20,3334.79,100
3755,12:29:20,3334.89,100
3756,12:29:20,3334.89,100
3757,12:29:20,3334.9,100
3758,12:29:20,3334.9,100
3759,12:28:31,3334.62,100
3760,12:28:29,3335.44,100
3761,12:28:27,3334.62,300
3762,12:28:12,3334.8779,100
3763,12:28:01,3335.25,100
3764,12:27:37,3336.01,100
3765,12:27:14,3335.46,100
3766,12:27:14,3335.46,100
3767,12:27:01,3335.0,176
3768,12:27:01,3335.0,200
3769,12:26:59,3335.8999,100
3770,12:26:54,3335.5,100
3771,12:26:50,3336.16,100
3772,12:26:50,3336.14,100
3773,12:26:17,3335.78,100
3774,12:24:31,3336.71,100
3775,12:24:08,3338.29,220
3776,12:24:00,3337.35,100
3777,12:23:55,3337.75,100
3778,12:23:55,3337.75,100
3779,12:23:38,3338.02,100
3780,12:23:31,3338.56,100
3781,12:23:31,3338.57,100
3782,12:23:31,3338.57,100
3783,12:23:31,3338.56,100
3784,12:23:31,3338.58,100
3785,12:23:31,3338.34,100
3786,12:23:31,3338.33,100
3787,12:23:31,3338.33,100
3788,12:23:31,3338.425,100
3789,12:23:31,3338.91,100
3790,12:23:31,3338.68,100
3791,12:23:31,3338.66,100
3792,12:23:31,3338.69,100
3793,12:23:31,3338.75,100
3794,12:23:29,3338.375,200
3795,12:23:25,3338.0053,232
3796,12:22:04,3336.86,100
3797,12:22:03,3337.0299,100
3798,12:21:51,3337.31,100
3799,12:21:51,3338.15,100
3800,12:21:51,3338.15,100
3801,12:21:51,3338.21,100
3802,12:21:51,3338.08,100
3803,12:21:45,3337.645,156
3804,12:21:38,3337.595,100
3805,12:21:32,3337.82,100
3806,12:21:32,3337.82,100
3807,12:21:32,3337.82,100
3808,12:21:32,3337.82,100
3809,12:21:28,3337.83,100
3810,12:21:28,3338.0,100
3811,12:21:18,3338.09,100
3812,12:21:15,3338.68,100
3813,12:21:04,3339.05,100
3814,12:20:54,3339.0,100
3815,12:20:54,3338.99,100
3816,12:20:50,3338.98,100
3817,12:20:50,3338.45,200
3818,12:20:14,3337.78,100
3819,12:20:14,3337.94,100
3820,12:20:07,3337.505,140
3821,12:20:01,3337.375,200
3822,12:20:01,3337.385,100
3823,12:20:01,3337.38,100
3824,12:19:36,3338.1,200
3825,12:19:31,3337.65,100
3826,12:19:31,3338.095,100
3827,12:19:30,3337.65,100
3828,12:19:18,3338.5979,126
3829,12:19:15,3338.41,100
3830,12:18:57,3338.884,100
3831,12:18:49,3338.485,100
3832,12:18:21,3338.01,199
3833,12:18:17,3338.81,100
3834,12:17:55,3339.55,100
3835,12:17:48,3339.255,100
3836,12:17:38,3339.52,100
3837,12:17:18,3339.75,190
3838,12:17:15,3340.3,100
3839,12:16:31,3339.87,100
3840,12:16:00,3341.76,100
3841,12:15:46,3340.345,100
3842,12:15:46,3340.77,100
3843,12:15:06,3340.5,100
3844,12:14:30,3340.37,100
3845,12:14:19,3340.33,100
3846,12:13:46,3340.9725,100
3847,12:13:46,3341.2,100
3848,12:13:46,3341.29,100
3849,12:13:46,3341.31,100
3850,12:13:15,3340.96,100
3851,12:13:14,3340.965,100
3852,12:13:08,3340.52,120
3853,12:12:32,3341.51,100
3854,12:12:31,3341.815,100
3855,12:12:21,3342.2317,100
3856,12:12:11,3342.8299,186
3857,12:12:09,3342.0,100
3858,12:12:09,3342.02,100
3859,12:12:07,3342.425,1250
3860,12:12:05,3342.695,1250
3861,12:11:57,3342.74,100
3862,12:11:55,3343.265,100
3863,12:11:25,3342.825,110
3864,12:11:21,3343.0736,132
3865,12:11:21,3343.0736,637
3866,12:11:21,3342.6808,100
3867,12:11:21,3342.6808,100
3868,12:11:21,3342.99,100
3869,12:11:21,3342.6808,100
3870,12:11:21,3342.99,100
3871,12:11:21,3342.68,100
3872,12:11:21,3342.98,100
3873,12:11:01,3342.67,100
3874,12:11:01,3342.89,100
3875,12:10:32,3342.33,100
3876,12:10:32,3342.105,100
3877,12:10:28,3342.085,100
3878,12:10:21,3342.045,200
3879,12:09:49,3342.26,100
3880,12:08:34,3340.76,100
3881,12:08:34,3340.73,100
3882,12:08:34,3340.71,100
3883,12:08:24,3341.53,100
3884,12:08:19,3341.54,100
3885,12:08:19,3341.54,100
3886,12:08:19,3341.54,100
3887,12:08:16,3341.12,100
3888,12:07:20,3341.94,100
3889,12:06:43,3342.035,100
3890,12:06:39,3342.06,100
3891,12:06:32,3342.22,100
3892,12:06:09,3342.3,100
3893,12:05:53,3342.389,100
3894,12:05:46,3342.59,300
3895,12:04:49,3341.625,100
3896,12:04:48,3342.21,200
3897,12:04:27,3342.2,100
3898,12:04:25,3342.02,100
3899,12:04:18,3340.95,100
3900,12:03:49,3341.13,100
3901,12:03:46,3340.79,100
3902,12:03:13,3340.94,100
3903,12:03:06,3341.45,100
3904,12:02:55,3341.3416,100
3905,12:02:53,3341.47,100
3906,12:02:38,3341.79,100
3907,12:02:35,3342.12,243
3908,12:02:03,3341.81,100
3909,12:01:40,3341.745,100
3910,12:01:39,3341.7211,300
3911,12:01:30,3341.89,100
3912,12:01:30,3341.89,100
3913,12:01:30,3341.68,100
3914,12:00:28,3342.18,100
3915,12:00:01,3341.76,100
3916,12:59:30,3339.23,100
3917,12:59:10,3339.255,100
3918,12:58:46,3339.86,100
3919,12:58:43,3339.32,100
3920,12:58:43,3339.31,100
3921,12:58:01,3339.245,100
3922,12:57:00,3338.96,100
3923,12:56:58,3339.34,100
3924,12:56:27,3339.32,100
3925,12:56:27,3339.78,100
3926,12:55:40,3339.6075,100
3927,12:55:40,3339.635,100
3928,12:55:40,3339.635,100
3929,12:55:40,3338.8125,100
3930,12:55:40,3339.18,100
3931,12:54:47,3339.05,100
3932,12:54:25,3339.222,100
3933,12:54:18,3339.3,100
3934,12:54:18,3339.2,100
3935,12:53:21,3339.69,100
3936,12:52:01,3339.896,100
3937,12:52:01,3339.9,100
3938,12:51:39,3339.22,100
3939,12:51:39,3339.22,100
3940,12:51:22,3339.8155,100
3941,12:50:34,3339.0,350
3942,12:50:21,3338.7,100
3943,12:50:21,3338.75,100
3944,12:50:07,3339.2943,157
3945,12:50:07,3339.2943,312
3946,12:49:42,3339.3,100
3947,12:49:42,3339.31,100
3948,12:48:51,3340.3517,130
3949,12:48:45,3339.985,100
3950,12:48:29,3340.695,100
3951,12:48:28,3340.705,100
3952,12:47:59,3341.25,100
3953,12:47:55,3341.5725,400
3954,12:47:48,3341.0,100
3955,12:47:22,3340.4133,119
3956,12:47:21,3340.7,100
3957,12:47:00,3340.24,109
3958,12:47:00,3340.23,100
3959,12:46:47,3340.7,100
3960,12:46:47,3341.3399,1000
3961,12:46:45,3341.35,100
3962,12:45:59,3337.55,100
3963,12:45:59,3337.57,100
3964,12:45:59,3337.55,100
3965,12:45:59,3337.5,100
3966,12:45:59,3337.58,100
3967,12:45:59,3337.72,100
3968,12:45:59,3337.72,100
3969,12:45:53,3336.65,100
3970,12:45:18,3334.305,100
3971,12:45:11,3334.3,100
3972,12:45:05,3334.58,100
3973,12:45:05,3334.62,100
3974,12:45:05,3334.25,100
3975,12:45:05,3334.25,100
3976,12:45:05,3334.49,100
3977,12:45:05,3334.4,100
3978,12:45:05,3334.11,100
3979,12:44:39,3334.02,100
3980,12:44:39,3334.0,100
3981,12:44:39,3334.63,100
3982,12:44:39,3334.03,100
3983,12:43:51,3334.99,100
3984,12:43:45,3335.0,100
3985,12:43:44,3335.12,100
3986,12:43:44,3335.12,100
3987,12:43:44,3335.56,100
3988,12:43:44,3335.01,100
3989,12:43:44,3335.67,100
3990,12:43:27,3335.13,144
3991,12:42:51,3335.955,100
3992,12:42:48,3335.69,100
3993,12:42:38,3335.86,100
3994,12:42:38,3335.86,100
3995,12:42:28,3336.35,100
3996,12:42:03,3336.865,100
3997,12:40:50,3337.62,100
3998,12:40:50,3337.59,100
3999,12:40:21,3337.77,100
4000,12:40:21,3337.77,100
4001,12:39:52,3337.5,100
4002,12:39:47,3337.3573,100
4003,12:39:30,3337.0,100
4004,12:39:23,3336.66,100
4005,12:38:37,3336.175,200
4006,12:37:26,3335.875,100
4007,12:37:24,3335.87,100
4008,12:36:04,3335.84,100
4009,12:36:01,3336.67,100
4010,12:35:45,3335.89,200
4011,12:35:45,3335.89,100
4012,12:35:45,3335.89,100
4013,12:35:45,3336.0,100
4014,12:35:43,3335.7999,200
4015,12:34:34,3334.96,100
4016,12:33:17,3334.27,100
4017,12:33:13,3333.755,150
4018,12:33:10,3333.0301,100
4019,12:32:33,3334.92,100
4020,12:32:30,3335.41,100
4021,12:31:52,3335.51,100
4022,12:31:49,3335.67,100
4023,12:31:41,3336.04,100
4024,12:31:41,3336.08,100
4025,12:31:28,3336.01,100
4026,12:31:24,3336.01,100
4027,12:30:57,3335.8,100
4028,12:30:57,3335.87,100
4029,12:30:50,3335.6622,795
4030,12:30:23,3335.76,356
4031,12:30:19,3335.5,100
4032,13:29:53,3336.01,189
4033,13:29:00,3336.21,100
4034,13:28:53,3336.14,100
4035,13:28:40,3336.74,100
4036,13:28:35,3336.84,200
