,NLS Time (ET),NLS Price,NLS Share Volume
0,09:59:58,3729.9999,100
1,09:59:56,3728.32,100
2,09:59:51,3726.94,1000
3,09:59:46,3729.255,100
4,09:59:39,3727.8101,100
5,09:59:32,3727.245,100
6,09:59:30,3727.97,100
7,09:59:30,3727.97,100
8,09:59:30,3727.97,100
9,09:59:30,3727.97,100
10,09:59:30,3727.7,100
11,09:59:30,3727.245,100
12,09:59:28,3726.61,131
13,09:59:23,3727.09,100
14,09:59:22,3726.38,100
15,09:59:21,3726.8735,100
16,09:59:21,3726.355,300
17,09:59:13,3722.63,100
18,09:59:03,3721.76,100
19,09:58:55,3722.46,100
20,09:58:48,3723.18,100
21,09:58:47,3723.04,100
22,09:58:45,3722.635,100
23,09:58:36,3723.3899,100
24,09:58:13,3718.76,100
25,09:58:13,3719.0,100
26,09:58:11,3720.195,162
27,09:58:10,3720.4063,200
28,09:57:55,3719.99,100
29,09:57:55,3719.97,100
30,09:57:22,3720.87,100
31,09:57:09,3718.83,100
32,09:57:09,3720.325,100
33,09:57:09,3720.345,100
34,09:57:09,3718.72,100
35,09:57:05,3719.565,500
36,09:57:01,3719.92,100
37,09:57:01,3719.92,100
38,09:57:01,3719.91,100
39,09:57:01,3720.14,100
40,09:57:01,3720.13,100
41,09:57:00,3721.15,100
42,09:56:55,3719.89,100
43,09:56:55,3721.09,100
44,09:56:46,3719.69,100
45,09:56:44,3720.29,100
46,09:56:42,3720.42,100
47,09:56:36,3720.07,100
48,09:56:35,3720.3173,100
49,09:56:32,3721.1399,100
50,09:56:31,3719.12,100
51,09:56:31,3719.2,100
52,09:56:31,3719.44,100
53,09:56:31,3719.44,100
54,09:56:31,3719.44,100
55,09:56:29,3720.82,100
56,09:56:22,3719.3962,100
57,09:56:17,3719.34,100
58,09:56:09,3719.34,100
59,09:56:07,3719.7,100
60,09:56:05,3720.44,144
61,09:56:05,3720.44,100
62,09:56:05,3720.44,100
63,09:55:55,3719.44,100
64,09:55:53,3720.51,100
65,09:55:53,3720.14,100
66,09:55:52,3720.12,200
67,09:55:51,3720.12,100
68,09:55:50,3721.3472,100
69,09:55:45,3721.57,100
70,09:55:45,3722.52,300
71,09:55:45,3722.39,200
72,09:55:38,3722.44,100
73,09:55:28,3722.79,100
74,09:55:26,3724.145,100
75,09:55:24,3721.93,100
76,09:55:17,3723.855,100
77,09:55:16,3723.2816,300
78,09:55:07,3722.4499,300
79,09:55:01,3721.8154,100
80,09:55:00,3721.545,100
81,09:54:59,3720.6106,100
82,09:54:55,3721.55,100
83,09:54:54,3720.32,100
84,09:54:45,3721.12,150
85,09:54:45,3721.12,200
86,09:54:43,3720.8614,109
87,09:54:42,3720.0,118
88,09:54:42,3720.0,120
89,09:54:42,3720.0,281
90,09:54:42,3720.0,310
91,09:54:42,3720.0,156
92,09:54:42,3719.73,100
93,09:54:42,3720.2,100
94,09:54:41,3720.845,200
95,09:54:28,3722.91,100
96,09:54:28,3723.6,100
97,09:54:23,3724.0,100
98,09:54:16,3723.02,100
99,09:54:15,3724.4,100
100,09:54:12,3722.2807,200
101,09:54:12,3723.7954,100
102,09:54:05,3723.265,100
103,09:54:01,3724.305,100
104,09:53:53,3723.415,200
105,09:53:45,3723.7,200
106,09:53:38,3723.455,100
107,09:53:33,3721.58,200
108,09:53:33,3722.18,129
109,09:53:33,3722.74,129
110,09:53:33,3722.52,100
111,09:53:19,3725.0,100
112,09:53:15,3726.4799,100
113,09:53:12,3726.96,100
114,09:53:11,3727.32,100
115,09:53:03,3730.0825,100
116,09:52:47,3732.9,100
117,09:52:47,3732.07,100
118,09:52:45,3732.975,100
119,09:52:43,3733.027,225
120,09:52:43,3732.945,100
121,09:52:39,3733.86,100
122,09:52:39,3733.86,100
123,09:52:38,3732.435,100
124,09:52:36,3732.335,100
125,09:52:35,3732.0,100
126,09:52:33,3731.91,100
127,09:52:32,3731.4292,100
128,09:52:22,3731.91,100
129,09:52:21,3730.67,100
130,09:52:15,3729.54,100
131,09:52:13,3729.0,435
132,09:52:02,3727.2815,250
133,09:51:43,3727.455,100
134,09:51:31,3726.53,100
135,09:51:31,3728.37,100
136,09:51:27,3726.53,100
137,09:51:25,3726.431,244
138,09:51:25,3726.44,380
139,09:51:24,3727.55,100
140,09:51:22,3727.95,100
141,09:51:21,3728.39,100
142,09:51:11,3727.2668,285
143,09:51:11,3728.77,100
144,09:51:11,3728.5,100
145,09:51:06,3729.42,100
146,09:51:02,3730.62,100
147,09:51:02,3730.6,100
148,09:50:59,3731.755,200
149,09:50:58,3730.93,100
150,09:50:55,3732.585,100
151,09:50:55,3732.72,100
152,09:50:53,3730.82,100
153,09:50:53,3731.55,600
154,09:50:41,3729.99,100
155,09:50:40,3730.7768,100
156,09:50:38,3730.77,100
157,09:50:37,3730.82,100
158,09:50:35,3731.02,100
159,09:50:33,3729.915,100
160,09:50:24,3729.235,100
161,09:50:24,3729.235,197
162,09:50:12,3725.43,100
163,09:50:12,3725.56,100
164,09:50:12,3725.58,100
165,09:50:12,3724.435,100
166,09:50:09,3724.41,100
167,09:50:05,3724.23,100
168,09:50:04,3724.16,100
169,09:50:04,3725.0,100
170,09:50:02,3725.65,100
171,09:50:02,3725.69,100
172,09:50:00,3725.72,100
173,09:50:00,3726.38,500
174,09:50:00,3726.39,100
175,09:49:52,3727.0819,100
176,09:49:52,3725.38,100
177,09:49:51,3726.37,200
178,09:49:48,3725.21,100
179,09:49:48,3725.835,100
180,09:49:45,3725.03,100
181,09:49:45,3726.635,100
182,09:49:45,3726.16,200
183,09:49:45,3726.16,100
184,09:49:44,3726.78,100
185,09:49:41,3726.78,100
186,09:49:41,3727.35,100
187,09:49:41,3726.93,100
188,09:49:41,3727.82,100
189,09:49:41,3728.18,100
190,09:49:11,3727.82,100
191,09:49:11,3727.38,100
192,09:49:09,3728.57,100
193,09:49:09,3728.57,100
194,09:49:06,3729.9814,100
195,09:49:02,3729.8,100
196,09:48:54,3729.66,100
197,09:48:52,3730.87,205
198,09:48:45,3729.44,100
199,09:48:35,3728.98,100
200,09:48:35,3730.06,200
201,09:48:35,3730.61,100
202,09:48:22,3728.0,100
203,09:48:22,3728.0,300
204,09:48:22,3728.0,100
205,09:48:22,3728.081,175
206,09:48:22,3728.615,100
207,09:48:22,3728.55,100
208,09:48:19,3729.545,100
209,09:48:02,3732.0999,100
210,09:48:01,3730.87,100
211,09:47:56,3731.4272,100
212,09:47:53,3732.0,100
213,09:47:46,3732.61,100
214,09:47:46,3732.65,100
215,09:47:42,3732.75,100
216,09:47:39,3731.94,100
217,09:47:33,3733.8991,250
218,09:47:33,3733.8991,250
219,09:47:33,3733.8991,1100
220,09:47:33,3733.8991,1100
221,09:47:24,3728.63,100
222,09:47:24,3728.65,100
223,09:47:20,3727.4425,100
224,09:46:56,3727.45,150
225,09:46:55,3726.6501,100
226,09:46:53,3726.62,100
227,09:46:53,3726.45,100
228,09:46:51,3725.0,101
229,09:46:51,3724.99,100
230,09:46:50,3725.47,100
231,09:46:47,3726.1843,200
232,09:46:36,3725.065,100
233,09:46:36,3725.0,160
234,09:46:35,3726.0,100
235,09:46:29,3726.58,100
236,09:46:29,3726.62,100
237,09:46:29,3727.165,100
238,09:46:27,3726.94,200
239,09:46:27,3726.57,100
240,09:46:27,3726.27,100
241,09:46:26,3726.4134,300
242,09:46:24,3727.0,115
243,09:46:24,3727.02,100
244,09:46:24,3727.0,148
245,09:46:24,3727.0,100
246,09:46:24,3727.0,100
247,09:46:22,3727.2816,268
248,09:46:22,3727.0,120
249,09:46:20,3727.07,100
250,09:46:20,3726.901,100
251,09:46:20,3726.912,100
252,09:46:20,3726.901,200
253,09:46:19,3727.91,100
254,09:46:09,3727.845,100
255,09:46:09,3727.2906,600
256,09:46:07,3728.07,100
257,09:46:07,3727.85,100
258,09:46:03,3726.99,100
259,09:46:03,3727.0,100
260,09:46:03,3727.01,100
261,09:46:02,3727.0,100
262,09:46:02,3727.0,100
263,09:46:02,3727.1,100
264,09:46:00,3728.02,100
265,09:46:00,3728.9908,305
266,09:45:58,3728.11,100
267,09:45:56,3729.665,100
268,09:45:56,3729.5,100
269,09:45:53,3729.55,100
270,09:45:53,3729.0,100
271,09:45:48,3729.63,100
272,09:45:47,3729.64,100
273,09:45:46,3729.9735,100
274,09:45:42,3729.39,100
275,09:45:40,3729.985,100
276,09:45:36,3729.505,100
277,09:45:30,3729.18,100
278,09:45:29,3729.41,100
279,09:45:29,3729.41,100
280,09:45:29,3729.4,100
281,09:45:29,3730.0,100
282,09:45:27,3730.25,100
283,09:45:23,3730.76,100
284,09:45:22,3732.0,155
285,09:45:22,3733.03,100
286,09:45:18,3733.08,100
287,09:45:05,3733.3705,100
288,09:45:04,3733.0,100
289,09:45:02,3733.72,100
290,09:45:01,3735.24,124
291,09:44:56,3734.1,100
292,09:44:52,3733.72,100
293,09:44:51,3733.99,100
294,09:44:47,3734.74,100
295,09:44:41,3734.28,100
296,09:44:40,3735.54,100
297,09:44:37,3734.28,100
298,09:44:37,3735.0,100
299,09:44:37,3735.36,100
300,09:44:37,3735.31,100
301,09:44:33,3737.0,100
302,09:44:33,3735.98,100
303,09:44:31,3735.02,100
304,09:44:29,3736.3552,288
305,09:44:28,3735.66,100
306,09:44:28,3735.03,100
307,09:44:16,3733.34,200
308,09:44:16,3733.34,500
309,09:44:16,3734.4204,100
310,09:44:16,3734.421,100
311,09:44:16,3734.42,564
312,09:44:16,3734.831,100
313,09:44:16,3734.83,100
314,09:44:15,3734.93,100
315,09:44:15,3734.83,100
316,09:43:59,3732.21,100
317,09:43:59,3733.52,100
318,09:43:59,3734.32,100
319,09:43:54,3735.29,100
320,09:43:53,3737.3588,130
321,09:43:52,3735.23,100
322,09:43:52,3735.01,100
323,09:43:52,3736.25,100
324,09:43:50,3736.19,100
325,09:43:48,3737.77,322
326,09:43:48,3736.34,100
327,09:43:46,3736.28,100
328,09:43:44,3736.33,100
329,09:43:39,3738.28,100
330,09:43:36,3736.61,100
331,09:43:34,3737.25,100
332,09:43:33,3736.44,300
333,09:43:33,3736.03,100
334,09:43:33,3736.03,100
335,09:43:31,3738.2799,288
336,09:43:30,3738.22,100
337,09:43:28,3737.2,100
338,09:43:11,3738.44,100
339,09:43:11,3738.43,100
340,09:43:09,3739.215,200
341,09:43:04,3739.945,100
342,09:43:03,3740.7,100
343,09:43:03,3739.7,100
344,09:43:02,3738.4,180
345,09:43:00,3738.405,200
346,09:42:59,3737.9365,100
347,09:42:58,3737.8,722
348,09:42:58,3738.66,100
349,09:42:54,3739.63,100
350,09:42:53,3738.9,100
351,09:42:53,3738.44,296
352,09:42:46,3737.6699,300
353,09:42:45,3738.045,100
354,09:42:43,3738.73,100
355,09:42:43,3738.07,300
356,09:42:35,3735.77,100
357,09:42:34,3737.36,100
358,09:42:34,3736.54,100
359,09:42:33,3737.038,100
360,09:42:33,3737.04,400
361,09:42:30,3737.91,100
362,09:42:30,3737.99,100
363,09:42:30,3736.53,100
364,09:42:24,3737.9899,100
365,09:42:24,3737.152,500
366,09:42:20,3736.6,250
367,09:42:20,3736.3,100
368,09:42:14,3736.205,200
369,09:42:13,3736.01,100
370,09:42:07,3736.048,456
371,09:42:07,3735.36,100
372,09:42:07,3736.14,100
373,09:42:07,3736.285,100
374,09:42:07,3736.11,100
375,09:42:06,3738.0,100
376,09:42:02,3736.42,100
377,09:42:01,3736.33,100
378,09:41:56,3737.4399,100
379,09:41:52,3735.39,100
380,09:41:50,3738.3199,100
381,09:41:48,3736.25,100
382,09:41:47,3736.6,100
383,09:41:47,3736.57,100
384,09:41:47,3736.62,100
385,09:41:47,3735.16,100
386,09:41:46,3735.155,100
387,09:41:45,3734.5133,500
388,09:41:40,3735.13,100
389,09:41:36,3735.32,100
390,09:41:32,3734.49,100
391,09:41:31,3733.26,100
392,09:41:31,3735.15,100
393,09:41:29,3734.11,100
394,09:41:28,3733.46,100
395,09:41:24,3733.3916,105
396,09:41:22,3734.67,100
397,09:41:19,3733.18,285
398,09:41:19,3732.81,100
399,09:41:19,3733.25,200
400,09:41:19,3732.93,100
401,09:41:14,3732.36,100
402,09:41:12,3734.0,100
403,09:41:12,3735.16,100
404,09:41:12,3735.0,199
405,09:41:08,3733.935,100
406,09:41:07,3734.38,100
407,09:41:06,3733.22,100
408,09:41:05,3731.99,100
409,09:41:04,3732.49,100
410,09:41:03,3731.02,500
411,09:41:00,3731.24,100
412,09:41:00,3731.24,100
413,09:41:00,3732.5099,100
414,09:41:00,3731.06,100
415,09:41:00,3730.546,100
416,09:40:58,3730.7975,500
417,09:40:57,3730.51,375
418,09:40:56,3731.84,100
419,09:40:48,3732.83,100
420,09:40:43,3731.125,100
421,09:40:40,3728.655,100
422,09:40:39,3728.36,100
423,09:40:39,3729.0,400
424,09:40:39,3728.66,100
425,09:40:37,3728.11,100
426,09:40:35,3729.07,100
427,09:40:34,3729.0,100
428,09:40:34,3730.06,100
429,09:40:34,3730.44,100
430,09:40:22,3730.32,100
431,09:40:22,3730.36,100
432,09:40:22,3730.36,100
433,09:40:22,3730.32,100
434,09:40:22,3730.32,100
435,09:40:22,3730.32,100
436,09:40:22,3729.98,100
437,09:40:22,3730.36,100
438,09:40:22,3730.355,100
439,09:40:22,3730.13,300
440,09:40:18,3728.13,100
441,09:40:13,3728.89,100
442,09:40:12,3729.26,100
443,09:40:09,3730.3848,100
444,09:40:09,3730.71,200
445,09:40:07,3730.66,100
446,09:40:07,3729.26,400
447,09:40:07,3729.404,100
448,09:40:07,3729.401,135
449,09:40:07,3729.53,100
450,09:40:06,3729.525,100
451,09:40:05,3730.01,100
452,09:40:05,3730.01,100
453,09:40:04,3730.58,100
454,09:40:04,3730.59,100
455,09:40:04,3730.64,100
456,09:40:03,3732.1,100
457,09:40:03,3732.1,100
458,09:40:02,3733.37,100
459,09:39:54,3733.91,600
460,09:39:52,3732.36,100
461,09:39:48,3733.015,100
462,09:39:48,3733.67,100
463,09:39:47,3733.42,100
464,09:39:46,3733.7031,100
465,09:39:46,3732.635,500
466,09:39:45,3732.0748,100
467,09:39:44,3733.41,100
468,09:39:37,3733.9899,300
469,09:39:33,3731.66,100
470,09:39:33,3732.35,100
471,09:39:28,3731.345,100
472,09:39:26,3730.975,100
473,09:39:25,3730.93,100
474,09:39:25,3731.96,100
475,09:39:25,3731.17,100
476,09:39:25,3730.49,100
477,09:39:25,3730.49,100
478,09:39:25,3731.04,100
479,09:39:24,3732.1247,100
480,09:39:23,3732.3899,500
481,09:39:21,3730.1125,100
482,09:39:21,3729.94,100
483,09:39:18,3727.735,100
484,09:39:18,3727.75,100
485,09:39:16,3728.225,166
486,09:39:16,3728.225,100
487,09:39:14,3727.755,100
488,09:39:13,3728.34,100
489,09:39:10,3727.365,100
490,09:39:08,3727.36,100
491,09:39:08,3728.7,100
492,09:39:08,3728.47,150
493,09:39:08,3728.47,150
494,09:39:08,3728.7,100
495,09:39:02,3728.71,100
496,09:39:02,3727.78,100
497,09:38:55,3728.6899,100
498,09:38:53,3727.51,200
499,09:38:53,3727.51,200
500,09:38:53,3727.52,100
501,09:38:53,3727.5138,100
502,09:38:53,3727.67,100
503,09:38:52,3728.25,100
504,09:38:52,3728.25,100
505,09:38:51,3728.26,100
506,09:38:48,3729.511,200
507,09:38:48,3730.01,100
508,09:38:48,3730.0,100
509,09:38:48,3730.01,100
510,09:38:47,3730.415,100
511,09:38:47,3730.3267,300
512,09:38:46,3730.09,100
513,09:38:44,3729.41,100
514,09:38:44,3729.36,168
515,09:38:44,3729.4,100
516,09:38:43,3728.818,100
517,09:38:43,3729.36,100
518,09:38:43,3729.35,100
519,09:38:43,3729.35,100
520,09:38:41,3729.23,100
521,09:38:38,3730.4409,100
522,09:38:36,3729.455,100
523,09:38:35,3729.455,100
524,09:38:34,3729.23,100
525,09:38:30,3729.01,130
526,09:38:30,3730.0,100
527,09:38:29,3730.7648,200
528,09:38:29,3731.7899,100
529,09:38:29,3730.033,100
530,09:38:28,3730.91,100
531,09:38:27,3730.83,500
532,09:38:26,3730.9002,110
533,09:38:22,3731.82,400
534,09:38:20,3730.8501,1000
535,09:38:15,3734.0548,1000
536,09:38:13,3733.505,100
537,09:38:12,3732.975,100
538,09:38:12,3732.655,100
539,09:38:12,3732.515,100
540,09:38:09,3732.41,100
541,09:38:06,3733.6199,800
542,09:38:06,3733.6199,100
543,09:38:05,3731.15,100
544,09:38:04,3731.21,114
545,09:38:04,3730.67,100
546,09:38:04,3731.301,200
547,09:38:04,3732.06,200
548,09:38:04,3731.56,200
549,09:38:04,3732.304,100
550,09:38:04,3732.304,100
551,09:38:04,3732.2579,100
552,09:38:02,3733.67,100
553,09:38:01,3734.33,100
554,09:37:59,3733.68,100
555,09:37:59,3734.33,100
556,09:37:52,3735.965,100
557,09:37:52,3734.9301,100
558,09:37:51,3735.96,100
559,09:37:48,3736.3464,130
560,09:37:48,3736.055,100
561,09:37:46,3735.36,100
562,09:37:44,3735.36,100
563,09:37:44,3736.08,100
564,09:37:44,3735.73,100
565,09:37:41,3735.0,100
566,09:37:40,3736.01,100
567,09:37:36,3737.063,100
568,09:37:36,3737.3213,1000
569,09:37:33,3737.47,100
570,09:37:26,3738.601,100
571,09:37:24,3738.255,100
572,09:37:22,3738.0,100
573,09:37:22,3738.01,100
574,09:37:16,3735.49,100
575,09:37:16,3734.785,100
576,09:37:15,3736.0,100
577,09:37:14,3738.295,130
578,09:37:10,3736.0219,750
579,09:37:07,3738.44,100
580,09:37:03,3741.07,100
581,09:37:02,3741.65,217
582,09:37:02,3741.59,100
583,09:37:02,3741.58,100
584,09:37:00,3739.785,100
585,09:36:58,3739.09,200
586,09:36:53,3737.94,100
587,09:36:53,3737.96,100
588,09:36:50,3736.8,100
589,09:36:50,3736.81,100
590,09:36:50,3737.88,100
591,09:36:50,3738.604,200
592,09:36:45,3740.98,100
593,09:36:34,3737.07,100
594,09:36:34,3736.8,134
595,09:36:34,3737.24,100
596,09:36:34,3736.93,100
597,09:36:27,3734.73,100
598,09:36:25,3733.825,200
599,09:36:24,3733.01,100
600,09:36:21,3733.19,100
601,09:36:21,3734.0,100
602,09:36:21,3734.01,100
603,09:36:21,3734.0,100
604,09:36:21,3734.0,100
605,09:36:21,3735.01,254
606,09:36:21,3735.01,100
607,09:36:21,3735.01,100
608,09:36:21,3735.01,100
609,09:36:21,3735.01,100
610,09:36:21,3735.01,100
611,09:36:21,3735.01,384
612,09:36:21,3735.01,163
613,09:36:21,3735.01,100
614,09:36:21,3735.01,100
615,09:36:21,3735.01,100
616,09:36:21,3735.01,100
617,09:36:21,3735.01,100
618,09:36:21,3735.09,100
619,09:36:21,3735.247,200
620,09:36:21,3735.18,100
621,09:36:21,3735.1,100
622,09:36:21,3736.16,1000
623,09:36:20,3735.69,100
624,09:36:20,3735.8,100
625,09:36:20,3735.81,100
626,09:36:20,3736.17,100
627,09:36:20,3736.14,100
628,09:36:20,3735.42,208
629,09:36:14,3736.135,100
630,09:36:14,3736.13,100
631,09:36:06,3736.2906,100
632,09:36:05,3735.0,174
633,09:36:05,3735.05,100
634,09:36:05,3735.02,100
635,09:36:05,3735.198,128
636,09:36:05,3735.51,100
637,09:36:05,3737.37,100
638,09:36:05,3737.37,100
639,09:36:05,3737.37,100
640,09:36:05,3737.47,100
641,09:35:59,3739.0,100
642,09:35:51,3739.6713,150
643,09:35:51,3739.82,100
644,09:35:51,3739.55,100
645,09:35:51,3739.01,100
646,09:35:51,3739.02,100
647,09:35:51,3739.0135,100
648,09:35:51,3739.03,100
649,09:35:50,3739.995,100
650,09:35:41,3738.7809,200
651,09:35:38,3738.86,130
652,09:35:37,3739.725,100
653,09:35:36,3738.21,100
654,09:35:36,3738.48,100
655,09:35:36,3740.0,100
656,09:35:36,3740.27,100
657,09:35:36,3740.32,100
658,09:35:35,3741.38,100
659,09:35:31,3742.0,324
660,09:35:31,3741.94,100
661,09:35:30,3742.09,100
662,09:35:30,3743.2301,150
663,09:35:23,3743.06,150
664,09:35:23,3742.56,300
665,09:35:23,3742.67,100
666,09:35:21,3747.61,100
667,09:35:19,3748.34,100
668,09:35:16,3747.11,100
669,09:35:07,3746.89,100
670,09:35:07,3746.295,100
671,09:35:04,3746.82,100
672,09:35:00,3748.1899,500
673,09:34:59,3749.3397,300
674,09:34:58,3749.1704,100
675,09:34:55,3748.0,100
676,09:34:51,3748.5,100
677,09:34:48,3748.43,100
678,09:34:47,3747.61,135
679,09:34:45,3747.9871,100
680,09:34:44,3748.142,100
681,09:34:42,3747.03,100
682,09:34:40,3745.92,100
683,09:34:36,3746.47,100
684,09:34:36,3745.67,100
685,09:34:36,3746.48,100
686,09:34:36,3745.68,100
687,09:34:36,3746.68,100
688,09:34:36,3746.53,100
689,09:34:36,3745.88,100
690,09:34:32,3746.725,100
691,09:34:32,3744.7851,321
692,09:34:32,3744.7851,232
693,09:34:32,3747.08,100
694,09:34:30,3749.53,495
695,09:34:30,3749.4,300
696,09:34:30,3749.0,100
697,09:34:30,3749.0,200
698,09:34:30,3749.53,100
699,09:34:30,3750.01,118
700,09:34:30,3749.85,100
701,09:34:30,3749.85,400
702,09:34:27,3752.475,100
703,09:34:20,3751.69,122
704,09:34:19,3749.4001,1000
705,09:34:12,3749.55,100
706,09:34:12,3749.31,100
707,09:34:12,3749.28,100
708,09:34:12,3749.2601,100
709,09:34:10,3750.875,150
710,09:34:10,3750.02,100
711,09:34:09,3750.875,625
712,09:34:07,3749.02,100
713,09:34:05,3750.545,100
714,09:34:05,3750.52,357
715,09:34:05,3750.52,143
716,09:34:05,3750.53,100
717,09:34:04,3752.01,600
718,09:34:04,3752.01,100
719,09:34:04,3752.0,100
720,09:34:04,3751.76,600
721,09:33:59,3752.493,100
722,09:33:57,3753.0,100
723,09:33:57,3753.0,300
724,09:33:52,3752.62,100
725,09:33:52,3752.7,100
726,09:33:52,3750.53,100
727,09:33:49,3752.755,100
728,09:33:48,3751.68,200
729,09:33:47,3751.68,100
730,09:33:46,3750.99,100
731,09:33:43,3749.64,100
732,09:33:43,3749.64,100
733,09:33:43,3749.69,100
734,09:33:43,3749.64,100
735,09:33:43,3750.59,100
736,09:33:39,3749.935,100
737,09:33:39,3749.975,100
738,09:33:39,3750.0,100
739,09:33:38,3748.68,130
740,09:33:35,3748.06,100
741,09:33:34,3748.06,100
742,09:33:34,3747.875,100
743,09:33:34,3747.64,100
744,09:33:34,3748.005,100
745,09:33:32,3746.23,100
746,09:33:32,3744.61,100
747,09:33:32,3744.38,100
748,09:33:32,3744.98,100
749,09:33:32,3743.532,178
750,09:33:32,3744.32,178
751,09:33:30,3744.28,100
752,09:33:30,3743.74,100
753,09:33:25,3744.155,100
754,09:33:25,3744.3299,100
755,09:33:20,3744.13,100
756,09:33:20,3744.155,100
757,09:33:17,3744.98,100
758,09:33:17,3743.75,100
759,09:33:17,3743.51,100
760,09:33:16,3743.565,100
761,09:33:15,3742.26,100
762,09:33:15,3743.17,400
763,09:33:13,3743.68,100
764,09:33:13,3743.51,100
765,09:33:09,3742.01,625
766,09:33:09,3743.749,750
767,09:33:09,3742.574,100
768,09:33:08,3739.75,100
769,09:33:05,3739.44,300
770,09:33:05,3740.0,100
771,09:33:05,3740.56,100
772,09:33:05,3740.71,100
773,09:33:05,3741.02,100
774,09:33:05,3741.091,200
775,09:33:00,3743.7999,100
776,09:32:58,3742.0353,200
777,09:32:58,3743.412,258
778,09:32:58,3743.412,104
779,09:32:56,3747.8999,200
780,09:32:56,3745.2275,100
781,09:32:56,3745.34,100
782,09:32:53,3745.77,400
783,09:32:53,3745.77,100
784,09:32:53,3746.25,100
785,09:32:53,3746.24,283
786,09:32:53,3746.24,315
787,09:32:53,3746.16,500
788,09:32:53,3746.39,100
789,09:32:51,3747.86,100
790,09:32:50,3747.07,100
791,09:32:49,3747.254,100
792,09:32:48,3747.02,100
793,09:32:45,3746.68,100
794,09:32:45,3747.03,131
795,09:32:44,3747.03,257
796,09:32:43,3747.0301,100
797,09:32:43,3747.03,141
798,09:32:43,3747.3899,459
799,09:32:43,3747.2219,141
800,09:32:43,3747.346,100
801,09:32:43,3747.41,100
802,09:32:41,3747.9315,147
803,09:32:40,3747.89,400
804,09:32:40,3747.89,100
805,09:32:39,3749.165,100
806,09:32:39,3749.165,100
807,09:32:39,3747.89,379
808,09:32:38,3749.165,400
809,09:32:36,3750.0,100
810,09:32:36,3750.01,107
811,09:32:36,3751.2,100
812,09:32:36,3751.1,100
813,09:32:36,3751.03,100
814,09:32:36,3750.01,100
815,09:32:36,3752.115,150
816,09:32:34,3750.01,100
817,09:32:34,3752.34,100
818,09:32:30,3751.735,100
819,09:32:29,3752.345,500
820,09:32:28,3751.62,100
821,09:32:28,3751.22,100
822,09:32:25,3751.98,100
823,09:32:21,3751.97,100
824,09:32:20,3751.98,1000
825,09:32:20,3751.98,100
826,09:32:19,3751.98,200
827,09:32:17,3753.95,136
828,09:32:16,3754.07,100
829,09:32:16,3754.2,100
830,09:32:11,3756.38,100
831,09:32:08,3757.12,100
832,09:32:07,3753.83,100
833,09:32:07,3753.87,100
834,09:31:57,3753.35,100
835,09:31:56,3753.7231,989
836,09:31:56,3754.71,100
837,09:31:55,3754.71,200
838,09:31:55,3756.13,270
839,09:31:55,3753.6173,100
840,09:31:55,3754.71,100
841,09:31:55,3753.43,100
842,09:31:55,3756.13,150
843,09:31:55,3755.48,100
844,09:31:55,3755.35,100
845,09:31:55,3755.35,100
846,09:31:52,3756.5829,100
847,09:31:46,3756.0,100
848,09:31:44,3754.46,100
849,09:31:42,3755.245,100
850,09:31:42,3757.2899,300
851,09:31:42,3754.655,100
852,09:31:40,3754.64,100
853,09:31:40,3754.96,100
854,09:31:40,3751.13,100
855,09:31:40,3756.04,100
856,09:31:40,3755.54,100
857,09:31:40,3753.33,100
858,09:31:39,3752.6,100
859,09:31:39,3752.59,100
860,09:31:39,3752.59,100
861,09:31:39,3752.58,100
862,09:31:38,3753.72,100
863,09:31:38,3753.72,200
864,09:31:36,3752.71,100
865,09:31:36,3753.795,380
866,09:31:36,3753.44,380
867,09:31:36,3752.4812,100
868,09:31:35,3752.47,100
869,09:31:34,3752.4599,100
870,09:31:33,3750.0501,100
871,09:31:31,3753.46,200
872,09:31:29,3751.5582,150
873,09:31:27,3750.926,100
874,09:31:26,3754.6857,266
875,09:31:26,3753.6095,100
876,09:31:26,3754.36,100
877,09:31:25,3755.0,111
878,09:31:25,3755.0,192
879,09:31:25,3755.0,555
880,09:31:25,3755.0,100
881,09:31:25,3753.63,100
882,09:31:25,3754.25,100
883,09:31:25,3754.39,100
884,09:31:25,3754.8,100
885,09:31:25,3754.85,100
886,09:31:25,3754.8499,400
887,09:31:23,3745.26,200
888,09:31:23,3752.12,100
889,09:31:23,3753.06,100
890,09:31:22,3753.545,100
891,09:31:20,3753.43,100
892,09:31:17,3752.01,500
893,09:31:17,3751.2216,1000
894,09:31:13,3750.0,100
895,09:31:13,3750.0,100
896,09:31:12,3748.85,100
897,09:31:12,3748.5,544
898,09:31:11,3744.8,100
899,09:31:10,3745.73,100
900,09:31:10,3744.87,100
901,09:31:10,3747.8,100
902,09:31:10,3747.765,100
903,09:31:09,3745.24,100
904,09:31:07,3746.5317,100
905,09:31:06,3740.76,100
906,09:31:06,3742.97,100
907,09:31:06,3740.71,100
908,09:31:06,3740.76,100
909,09:31:05,3743.8,100
910,09:31:05,3740.76,100
911,09:31:05,3744.49,100
912,09:31:05,3744.31,100
913,09:31:05,3740.71,100
914,09:31:05,3740.82,100
915,09:31:04,3746.52,100
916,09:31:04,3746.64,100
917,09:31:03,3745.27,100
918,09:31:02,3746.27,100
919,09:30:59,3746.21,100
920,09:30:58,3745.12,100
921,09:30:58,3745.05,100
922,09:30:58,3745.0,100
923,09:30:55,3749.99,100
924,09:30:53,3748.696,100
925,09:30:52,3749.34,100
926,09:30:52,3749.29,100
927,09:30:52,3749.68,100
928,09:30:52,3751.04,100
929,09:30:52,3751.05,100
930,09:30:52,3751.1,100
931,09:30:51,3754.01,150
932,09:30:51,3752.39,150
933,09:30:50,3752.77,100
934,09:30:50,3750.92,100
935,09:30:48,3750.22,100
936,09:30:48,3752.0,100
937,09:30:48,3750.91,100
938,09:30:46,3752.53,200
939,09:30:44,3754.1421,100
940,09:30:43,3752.72,100
941,09:30:42,3752.25,100
942,09:30:42,3751.74,100
943,09:30:42,3751.8921,200
944,09:30:41,3752.1242,100
945,09:30:40,3752.76,100
946,09:30:40,3752.76,100
947,09:30:39,3752.535,150
948,09:30:39,3753.0,100
949,09:30:39,3753.0,100
950,09:30:39,3752.53,700
951,09:30:39,3752.53,295
952,09:30:39,3751.48,100
953,09:30:39,3751.2887,100
954,09:30:38,3752.53,200
955,09:30:37,3749.735,100
956,09:30:37,3750.0,793
957,09:30:37,3750.0,100
958,09:30:37,3750.0,100
959,09:30:37,3749.99,100
960,09:30:37,3750.0,274
961,09:30:37,3750.0,100
962,09:30:37,3750.0,100
963,09:30:37,3750.0,100
964,09:30:37,3750.0,100
965,09:30:37,3750.0,100
966,09:30:37,3750.0,349
967,09:30:37,3750.0,100
968,09:30:37,3749.316,625
969,09:30:35,3750.0,250
970,09:30:35,3750.0,180
971,09:30:35,3750.0,142
972,09:30:35,3750.0,100
973,09:30:35,3749.95,245
974,09:30:35,3749.95,979
975,09:30:35,3749.95,100
976,09:30:35,3749.95,301
977,09:30:35,3749.7,100
978,09:30:35,3749.75,150
979,09:30:35,3749.75,100
980,09:30:35,3749.7497,100
981,09:30:35,3748.9999,100
982,09:30:35,3748.95,100
983,09:30:34,3746.6651,100
984,09:30:33,3747.0,911
985,09:30:33,3746.44,100
986,09:30:33,3746.99,100
987,09:30:33,3746.5,100
988,09:30:33,3745.0,160
989,09:30:33,3745.0,1000
990,09:30:33,3745.0,100
991,09:30:33,3745.0,100
992,09:30:33,3745.0,192
993,09:30:27,3740.705,100
994,09:30:27,3741.43,100
995,09:30:27,3741.32,100
996,09:30:27,3741.17,200
997,09:30:25,3742.69,200
998,09:30:21,3744.0,100
999,09:30:20,3741.92,100
1000,09:30:19,3740.5,300
1001,09:30:17,3738.51,100
1002,09:30:17,3737.95,100
1003,09:30:17,3737.99,1020
1004,09:30:17,3737.99,100
1005,09:30:12,3738.06,100
1006,09:30:11,3736.7693,100
1007,09:30:11,3736.932,100
1008,09:30:11,3738.02,100
1009,09:30:11,3738.02,100
1010,09:30:11,3738.0,104
1011,09:30:11,3738.0,148
1012,09:30:11,3738.0,100
1013,09:30:11,3738.0,100
1014,09:30:10,3737.55,100
1015,09:30:10,3738.172,100
1016,09:30:10,3738.189,200
1017,09:30:09,3736.8756,200
1018,09:30:08,3737.43,100
1019,09:30:08,3738.01,100
1020,09:30:08,3736.44,103
1021,09:30:08,3736.25,100
1022,09:30:08,3736.4,100
1023,09:30:08,3736.45,100
1024,09:30:08,3736.23,100
1025,09:30:08,3736.44,119
1026,09:30:07,3736.25,100
1027,09:30:05,3737.0,100
1028,09:30:05,3738.0,300
1029,09:30:05,3739.62,100
1030,09:30:04,3739.79,100
1031,09:30:04,3740.0,100
1032,09:30:04,3740.0,100
1033,09:30:04,3740.412,449
1034,09:30:04,3740.42,100
1035,09:30:04,3742.52,100
1036,09:30:03,3743.12,100
1037,09:30:02,3743.17,187
1038,09:30:02,3743.495,100
1039,09:30:02,3743.6,100
1040,09:30:02,3743.6,100
1041,09:30:02,3743.56,100
1042,09:30:01,3743.23,172
1043,09:30:01,3743.54,100
1044,09:30:01,3743.14,100
1045,09:30:01,3744.24,4
1046,09:30:01,3744.24,2
1047,09:30:01,3744.24,1
1048,09:30:01,3744.24,1
1049,09:30:01,3744.24,1
1050,09:30:01,3744.24,1
1051,09:30:01,3744.24,1
1052,09:30:01,3744.24,3
1053,09:30:01,3744.24,4
1054,09:30:01,3744.24,1
1055,09:30:01,3744.24,1
1056,09:30:01,3744.24,1
1057,09:30:01,3744.24,1
1058,09:30:01,3744.24,1
1059,09:30:01,3744.24,2
1060,09:30:01,3744.24,1
1061,09:30:01,3744.24,13
1062,09:30:01,3744.24,1
1063,09:30:01,3744.24,3
1064,09:30:01,3744.24,1
1065,09:30:01,3744.24,20
1066,09:30:01,3744.24,1
1067,09:30:01,3744.24,2
1068,09:30:01,3744.24,1
1069,09:30:01,3744.24,1
1070,09:30:01,3744.24,1
1071,09:30:01,3744.24,10
1072,09:30:01,3744.24,1
1073,09:30:01,3744.24,1
1074,09:30:01,3744.24,7
1075,09:30:01,3744.24,2
1076,09:30:01,3744.24,1
1077,09:30:01,3744.24,2
1078,09:30:01,3744.24,1
1079,09:30:01,3744.24,6
1080,09:30:01,3744.24,2
1081,09:30:01,3744.24,1
1082,09:30:01,3744.24,1
1083,09:30:01,3744.24,1
1084,09:30:01,3744.24,1
1085,09:30:01,3744.24,3
1086,09:30:01,3744.24,13
1087,09:30:01,3744.24,1
1088,09:30:01,3744.24,1
1089,09:30:01,3744.24,1
1090,09:30:01,3744.24,2
1091,09:30:01,3744.24,3
1092,09:30:01,3744.24,1
1093,09:30:01,3744.24,6
1094,09:30:01,3744.24,90
1095,09:30:01,3744.24,10
1096,09:30:01,3744.24,4
1097,09:30:01,3744.24,63
1098,09:30:01,3744.24,7
1099,09:30:01,3744.24,1
1100,09:30:01,3744.24,10
1101,09:30:01,3744.24,1
1102,09:30:01,3744.24,5
1103,09:30:01,3744.24,2
1104,09:30:01,3744.24,10
1105,09:30:01,3744.24,120
1106,09:30:01,3744.24,1
1107,09:30:01,3744.24,3
1108,09:30:01,3744.24,10
1109,09:30:01,3744.24,10
1110,09:30:01,3744.24,1
1111,09:30:01,3744.24,4
1112,09:30:01,3744.24,1
1113,09:30:01,3744.24,3
1114,09:30:01,3744.24,5
1115,09:30:01,3744.24,11
1116,09:30:01,3744.24,1
1117,09:30:01,3744.24,7
1118,09:30:01,3744.24,1
1119,09:30:01,3744.24,10
1120,09:30:01,3744.24,1
1121,09:30:01,3744.24,3
1122,09:30:01,3744.24,6
1123,09:30:01,3744.24,7
1124,09:30:01,3744.24,1
1125,09:30:01,3744.24,5
1126,09:30:01,3744.24,105
1127,09:30:01,3744.24,5
1128,09:30:01,3744.24,1
1129,09:30:01,3744.24,1
1130,09:30:01,3744.24,1
1131,09:30:01,3744.24,1
1132,09:30:01,3744.24,3
1133,09:30:01,3744.24,3
1134,09:30:01,3744.24,4
1135,09:30:01,3744.24,6
1136,09:30:01,3744.24,3
1137,09:30:01,3744.24,3
1138,09:30:01,3744.24,1
1139,09:30:01,3744.24,1
1140,09:30:01,3744.24,2
1141,09:30:01,3744.24,2
1142,09:30:01,3744.24,2
1143,09:30:01,3744.24,2
1144,09:30:01,3744.24,2
1145,09:30:01,3744.24,10
1146,09:30:01,3744.24,2
1147,09:30:01,3744.24,15
1148,09:30:01,3744.24,1
1149,09:30:01,3744.24,2
1150,09:30:01,3744.24,26
1151,09:30:01,3744.24,10
1152,09:30:01,3744.24,25
1153,09:30:01,3744.24,2
1154,09:30:01,3744.24,30
1155,09:30:01,3744.24,2
1156,09:30:01,3744.24,3
1157,09:30:01,3744.24,5
1158,09:30:01,3744.24,3
1159,09:30:01,3744.24,1
1160,09:30:01,3744.24,7
1161,09:30:01,3744.24,50
1162,09:30:01,3744.24,108
1163,09:30:01,3744.24,10
1164,09:30:01,3744.24,41
1165,09:30:01,3744.24,10
1166,09:30:01,3744.24,10
1167,09:30:01,3744.24,30
1168,09:30:01,3744.24,1
1169,09:30:01,3744.24,15
1170,09:30:01,3744.24,26
1171,09:30:01,3744.24,1
1172,09:30:01,3744.24,17
1173,09:30:01,3744.24,2
1174,09:30:01,3744.24,1
1175,09:30:01,3744.24,2
1176,09:30:01,3744.24,51
1177,09:30:01,3744.24,15
1178,09:30:01,3744.24,10
1179,09:30:01,3744.24,25
1180,09:30:01,3744.24,1
1181,09:30:01,3744.24,10
1182,09:30:01,3744.24,10
1183,09:30:01,3744.24,15
1184,09:30:01,3744.24,3
1185,09:30:01,3744.24,30
1186,09:30:01,3744.24,50
1187,09:30:01,3744.24,5
1188,09:30:01,3744.24,3
1189,09:30:01,3744.24,2
1190,09:30:01,3744.24,3
1191,09:30:01,3744.24,2
1192,09:30:01,3744.24,2
1193,09:30:01,3744.24,2
1194,09:30:01,3744.24,3
1195,09:30:01,3744.24,1
1196,09:30:01,3744.24,3
1197,09:30:01,3744.24,1
1198,09:30:01,3744.24,4
1199,09:30:01,3744.24,21
1200,09:30:01,3744.24,1
1201,09:30:01,3744.24,1
1202,09:30:01,3744.24,1
1203,09:30:01,3744.24,51
1204,09:30:01,3744.24,7
1205,09:30:01,3744.24,3
1206,09:30:01,3744.24,81
1207,09:30:01,3744.24,14
1208,09:30:01,3744.24,2
1209,09:30:01,3744.24,1
1210,09:30:01,3744.24,8
1211,09:30:01,3744.24,2
1212,09:30:01,3744.24,4
1213,09:30:01,3744.24,1
1214,09:30:01,3744.24,2
1215,09:30:01,3744.24,1
1216,09:30:01,3744.24,1
1217,09:30:01,3744.24,10
1218,09:30:01,3744.24,1
1219,09:30:01,3744.24,1
1220,09:30:01,3744.24,1
1221,09:30:01,3744.24,1
1222,09:30:01,3744.24,10
1223,09:30:01,3744.24,1
1224,09:30:01,3744.24,1
1225,09:30:01,3744.24,1
1226,09:30:01,3744.24,3
1227,09:30:01,3744.24,1
1228,09:30:01,3744.24,3
1229,09:30:01,3744.24,1
1230,09:30:01,3744.24,1
1231,09:30:01,3744.24,1
1232,09:30:01,3744.24,19
1233,09:30:01,3744.24,1
1234,09:30:01,3744.24,1
1235,09:30:01,3744.24,1
1236,09:30:01,3744.24,1
1237,09:30:01,3744.24,1
1238,09:30:01,3744.24,2
1239,09:30:01,3744.24,70
1240,09:30:01,3744.24,2
1241,09:30:01,3744.24,1
1242,09:30:01,3744.24,2
1243,09:30:01,3744.24,1
1244,09:30:01,3744.24,1
1245,09:30:01,3744.24,2
1246,09:30:01,3744.24,2
1247,09:30:01,3744.24,2
1248,09:30:01,3744.24,1
1249,09:30:01,3744.24,3
1250,09:30:01,3744.24,318
1251,09:30:01,3744.24,1
1252,09:30:01,3744.24,1
1253,09:30:01,3744.24,1
1254,09:30:01,3744.24,1
1255,09:30:01,3744.24,1
1256,09:30:01,3744.24,1
1257,09:30:01,3744.24,2
1258,09:30:01,3744.24,10
1259,09:30:01,3744.24,1
1260,09:30:01,3744.24,1
1261,09:30:01,3744.24,3
1262,09:30:01,3744.24,2
1263,09:30:01,3744.24,5
1264,09:30:01,3744.24,73
1265,09:30:01,3744.24,1
1266,09:30:01,3744.24,1
1267,09:30:01,3744.24,2
1268,09:30:01,3744.24,3
1269,09:30:01,3744.24,1
1270,09:30:01,3744.24,5
1271,09:30:01,3744.24,1
1272,09:30:01,3744.24,1
1273,09:30:01,3744.24,100
1274,09:30:01,3744.24,13
1275,09:30:01,3744.24,3
1276,09:30:01,3744.24,1
1277,09:30:01,3744.24,5
1278,09:30:01,3744.24,1
1279,09:30:01,3744.24,7
1280,09:30:01,3744.24,2
1281,09:30:01,3744.24,35
1282,09:30:01,3744.24,196
1283,09:30:01,3744.24,3
1284,09:30:01,3744.24,1
1285,09:30:01,3744.24,1
1286,09:30:01,3744.24,3
1287,09:30:01,3744.24,8
1288,09:30:01,3744.24,15
1289,09:30:01,3744.24,10
1290,09:30:01,3744.24,1
1291,09:30:01,3744.24,23
1292,09:30:01,3744.24,1
1293,09:30:01,3744.24,31
1294,09:30:01,3744.24,1
1295,09:30:01,3744.24,1
1296,09:30:01,3744.24,10
1297,09:30:01,3744.24,2
1298,09:30:01,3744.24,2
1299,09:30:01,3744.24,1
1300,09:30:01,3744.24,1
1301,09:30:01,3744.24,1
1302,09:30:01,3744.24,1
1303,09:30:01,3744.24,6
1304,09:30:01,3744.24,2
1305,09:30:01,3744.24,100
1306,09:30:01,3744.24,30
1307,09:30:01,3744.24,4
1308,09:30:01,3744.24,1
1309,09:30:01,3744.24,6
1310,09:30:01,3744.24,10
1311,09:30:01,3744.24,3
1312,09:30:01,3744.24,1
1313,09:30:01,3744.24,3
1314,09:30:01,3744.24,1
1315,09:30:01,3744.24,1
1316,09:30:01,3744.24,2
1317,09:30:01,3744.24,2
1318,09:30:01,3744.24,2
1319,09:30:01,3744.24,1
1320,09:30:01,3744.24,1
1321,09:30:01,3744.24,2
1322,09:30:01,3744.24,1
1323,09:30:01,3744.24,1
1324,09:30:01,3744.24,6
1325,09:30:01,3744.24,1
1326,09:30:01,3744.24,1
1327,09:30:01,3744.24,2
1328,09:30:01,3744.24,1
1329,09:30:01,3744.24,3
1330,09:30:01,3744.24,1
1331,09:30:01,3744.24,1
1332,09:30:01,3744.24,2
1333,09:30:01,3744.24,1
1334,09:30:01,3744.24,1
1335,09:30:01,3744.24,3
1336,09:30:01,3744.24,2
1337,09:30:01,3744.24,2
1338,09:30:01,3744.24,1
1339,09:30:01,3744.24,3
1340,09:30:01,3744.24,1
1341,09:30:01,3744.24,3
1342,09:30:01,3744.24,20
1343,09:30:01,3744.24,2
1344,09:30:01,3744.24,1
1345,09:30:01,3744.24,12
1346,09:30:01,3744.24,3
1347,09:30:01,3744.24,3
1348,09:30:01,3744.24,10
1349,09:30:01,3744.24,2
1350,09:30:01,3744.24,1
1351,09:30:01,3744.24,6
1352,09:30:01,3744.24,1
1353,09:30:01,3744.24,3
1354,09:30:01,3744.24,2
1355,09:30:01,3744.24,1
1356,09:30:01,3744.24,4
1357,09:30:01,3744.24,14
1358,09:30:01,3744.24,1
1359,09:30:01,3744.24,5
1360,09:30:01,3744.24,1
1361,09:30:01,3744.24,1
1362,09:30:01,3744.24,30
1363,09:30:01,3744.24,25
1364,09:30:01,3744.24,5
1365,09:30:01,3744.24,1
1366,09:30:01,3744.24,1
1367,09:30:01,3744.24,1
1368,09:30:01,3744.24,2
1369,09:30:01,3744.24,1
1370,09:30:01,3744.24,2
1371,09:30:01,3744.24,5
1372,09:30:01,3744.24,8
1373,09:30:01,3744.24,5
1374,09:30:01,3744.24,5
1375,09:30:01,3744.24,5
1376,09:30:01,3744.24,1
1377,09:30:01,3744.24,1
1378,09:30:01,3744.24,1
1379,09:30:01,3744.24,70
1380,09:30:01,3744.24,6
1381,09:30:01,3744.24,13
1382,09:30:01,3744.24,2
1383,09:30:01,3744.24,2
1384,09:30:01,3744.24,1
1385,09:30:01,3744.24,3
1386,09:30:01,3744.24,3
1387,09:30:01,3744.24,3
1388,09:30:01,3744.24,2
1389,09:30:01,3744.24,1
1390,09:30:01,3744.24,3
1391,09:30:01,3744.24,10
1392,09:30:01,3744.24,1
1393,09:30:01,3744.24,1
1394,09:30:01,3744.24,2
1395,09:30:01,3744.24,4
1396,09:30:01,3744.24,1
1397,09:30:01,3744.24,1
1398,09:30:01,3744.24,1
1399,09:30:01,3744.24,1
1400,09:30:01,3744.24,5
1401,09:30:01,3744.24,5
1402,09:30:01,3744.24,8
1403,09:30:01,3744.24,3
1404,09:30:01,3744.24,1
1405,09:30:01,3744.24,1
1406,09:30:01,3744.24,8
1407,09:30:01,3744.24,1
1408,09:30:01,3744.24,6
1409,09:30:01,3744.24,7
1410,09:30:01,3744.24,27
1411,09:30:01,3744.24,70
1412,09:30:01,3744.24,1
1413,09:30:01,3744.24,1
1414,09:30:01,3744.24,2
1415,09:30:01,3744.24,20
1416,09:30:01,3744.24,1
1417,09:30:01,3744.24,5
1418,09:30:01,3744.24,1
1419,09:30:01,3744.24,93
1420,09:30:01,3744.24,2
1421,09:30:01,3744.24,3
1422,09:30:01,3744.24,10
1423,09:30:01,3744.24,2
1424,09:30:01,3744.24,1
1425,09:30:01,3744.24,7
1426,09:30:01,3744.24,2
1427,09:30:01,3744.24,5
1428,09:30:01,3744.24,50
1429,09:30:01,3744.24,22
1430,09:30:01,3744.24,5
1431,09:30:01,3744.24,26
1432,09:30:01,3744.24,2000
1433,09:30:01,3744.24,280
1434,09:30:01,3744.24,1
1435,09:30:01,3744.24,1
1436,09:30:01,3744.24,4
1437,09:30:01,3744.24,500
1438,09:30:01,3744.24,2
1439,09:30:01,3744.24,2
1440,09:30:01,3744.24,1
1441,09:30:01,3744.24,1
1442,09:30:01,3744.24,1
1443,09:30:01,3744.24,2
1444,09:30:01,3744.24,1
1445,09:30:01,3744.24,1
1446,09:30:01,3744.24,2
1447,09:30:01,3744.24,1
1448,09:30:01,3744.24,1
1449,09:30:01,3744.24,8
1450,09:30:01,3744.24,10
1451,09:30:01,3744.24,3
1452,09:30:01,3744.24,2
1453,09:30:01,3744.24,5
1454,09:30:01,3744.24,2
1455,09:30:01,3744.24,2
1456,09:30:01,3744.24,1
1457,09:30:01,3744.24,4
1458,09:30:01,3744.24,1
1459,09:30:01,3744.24,8
1460,09:30:01,3744.24,1
1461,09:30:01,3744.24,13
1462,09:30:01,3744.24,2
1463,09:30:01,3744.24,1
1464,09:30:01,3744.24,3
1465,09:30:01,3744.24,1
1466,09:30:01,3744.24,2
1467,09:30:01,3744.24,1
1468,09:30:01,3744.24,2
1469,09:30:01,3744.24,1
1470,09:30:01,3744.24,1
1471,09:30:01,3744.24,1
1472,09:30:01,3744.24,3
1473,09:30:01,3744.24,5
1474,09:30:01,3744.24,1
1475,09:30:01,3744.24,1
1476,09:30:01,3744.24,10
1477,09:30:01,3744.24,25
1478,09:30:01,3744.24,1
1479,09:30:01,3744.24,111
1480,09:30:01,3744.24,19
1481,09:30:01,3744.24,4
1482,09:30:01,3744.24,2
1483,09:30:01,3744.24,2
1484,09:30:01,3744.24,2
1485,09:30:01,3744.24,5
1486,09:30:01,3744.24,9
1487,09:30:01,3744.24,20
1488,09:30:01,3744.24,50
1489,09:30:01,3744.24,5
1490,09:30:01,3744.24,2
1491,09:30:01,3744.24,5
1492,09:30:01,3744.24,5
1493,09:30:01,3744.24,5
1494,09:30:01,3744.24,3
1495,09:30:01,3744.24,1
1496,09:30:01,3744.24,8
1497,09:30:01,3744.24,1
1498,09:30:01,3744.24,2
1499,09:30:01,3744.24,1
1500,09:30:01,3744.24,1
1501,09:30:01,3744.24,5
1502,09:30:01,3744.24,1
1503,09:30:01,3744.24,1
1504,09:30:01,3744.24,1
1505,09:30:01,3744.24,8
1506,09:30:01,3744.24,1
1507,09:30:01,3744.24,10
1508,09:30:01,3744.24,13
1509,09:30:01,3744.24,3
1510,09:30:01,3744.24,1
1511,09:30:01,3744.24,27
1512,09:30:01,3744.24,2
1513,09:30:01,3744.24,5
1514,09:30:01,3744.24,3
1515,09:30:01,3744.24,5
1516,09:30:01,3744.24,2
1517,09:30:01,3744.24,1
1518,09:30:01,3744.24,1
1519,09:30:01,3744.24,1
1520,09:30:01,3744.24,1
1521,09:30:01,3744.24,1
1522,09:30:01,3744.24,2
1523,09:30:01,3744.24,1
1524,09:30:01,3744.24,1
1525,09:30:01,3744.24,2
1526,09:30:01,3744.24,135
1527,09:30:01,3744.24,3
1528,09:30:01,3744.24,15
1529,09:30:01,3744.24,2
1530,09:30:01,3744.24,4
1531,09:30:01,3744.24,2
1532,09:30:01,3744.24,1
1533,09:30:01,3744.24,1
1534,09:30:01,3744.24,3
1535,09:30:01,3744.24,9
1536,09:30:01,3744.24,3
1537,09:30:01,3744.24,6
1538,09:30:01,3744.24,7
1539,09:30:01,3744.24,4
1540,09:30:01,3744.24,5
1541,09:30:01,3744.24,10
1542,09:30:01,3744.24,31
1543,09:30:01,3744.24,5
1544,09:30:01,3744.24,26
1545,09:30:01,3744.24,8
1546,09:30:01,3744.24,1
1547,09:30:01,3744.24,1
1548,09:30:01,3744.24,1
1549,09:30:01,3744.24,15
1550,09:30:01,3744.24,2
1551,09:30:01,3744.24,1
1552,09:30:01,3744.24,3
1553,09:30:01,3744.24,6
1554,09:30:01,3744.24,5
1555,09:30:01,3744.24,5
1556,09:30:01,3744.24,1
1557,09:30:01,3744.24,1
1558,09:30:01,3744.24,3
1559,09:30:01,3744.24,1
1560,09:30:01,3744.24,7
1561,09:30:01,3744.24,1
1562,09:30:01,3744.24,10
1563,09:30:01,3744.24,1
1564,09:30:01,3744.24,2
1565,09:30:01,3744.24,2
1566,09:30:01,3744.24,1
1567,09:30:01,3744.24,1
1568,09:30:01,3744.24,1
1569,09:30:01,3744.24,4
1570,09:30:01,3744.24,1
1571,09:30:01,3744.24,10
1572,09:30:01,3744.24,1
1573,09:30:01,3744.24,3
1574,09:30:01,3744.24,2
1575,09:30:01,3744.24,5
1576,09:30:01,3744.24,4
1577,09:30:01,3744.24,4
1578,09:30:01,3744.24,3
1579,09:30:01,3744.24,5
1580,09:30:01,3744.24,1
1581,09:30:01,3744.24,10
1582,09:30:01,3744.24,2
1583,09:30:01,3744.24,1
1584,09:30:01,3744.24,1
1585,09:30:01,3744.24,2
1586,09:30:01,3744.24,2
1587,09:30:01,3744.24,7
1588,09:30:01,3744.24,1
1589,09:30:01,3744.24,5
1590,09:30:01,3744.24,1
1591,09:30:01,3744.24,1
1592,09:30:01,3744.24,25
1593,09:30:01,3744.24,1
1594,09:30:01,3744.24,1
1595,09:30:01,3744.24,3
1596,09:30:01,3744.24,1
1597,09:30:01,3744.24,1
1598,09:30:01,3744.24,1
1599,09:30:01,3744.24,1
1600,09:30:01,3744.24,1
1601,09:30:01,3744.24,2
1602,09:30:01,3744.24,1
1603,09:30:01,3744.24,2
1604,09:30:01,3744.24,3
1605,09:30:01,3744.24,4
1606,09:30:01,3744.24,2
1607,09:30:01,3744.24,1
1608,09:30:01,3744.24,1
1609,09:30:01,3744.24,1
1610,09:30:01,3744.24,1
1611,09:30:01,3744.24,1
1612,09:30:01,3744.24,5
1613,09:30:01,3744.24,2
1614,09:30:01,3744.24,2
1615,09:30:01,3744.24,1
1616,09:30:01,3744.24,1
1617,09:30:01,3744.24,2
1618,09:30:01,3744.24,1
1619,09:30:01,3744.24,1
1620,09:30:01,3744.24,10
1621,09:30:01,3744.24,1
1622,09:30:01,3744.24,2
1623,09:30:01,3744.24,1
1624,09:30:01,3744.24,2
1625,09:30:01,3744.24,1
1626,09:30:01,3744.24,1
1627,09:30:01,3744.24,1
1628,09:30:01,3744.24,7
1629,09:30:01,3744.24,1
1630,09:30:01,3744.24,1
1631,09:30:01,3744.24,160
1632,09:30:01,3744.24,1
1633,09:30:01,3744.24,1
1634,09:30:01,3744.24,3
1635,09:30:01,3744.24,4
1636,09:30:01,3744.24,25
1637,09:30:01,3744.24,3
1638,09:30:01,3744.24,3
1639,09:30:01,3744.24,2
1640,09:30:01,3744.24,2
1641,09:30:01,3744.24,3
1642,09:30:01,3744.24,1
1643,09:30:01,3744.24,5
1644,09:30:01,3744.24,1
1645,09:30:01,3744.24,3
1646,09:30:01,3744.24,4
1647,09:30:01,3744.24,1
1648,09:30:01,3744.24,1
1649,09:30:01,3744.24,1
1650,09:30:01,3744.24,1
1651,09:30:01,3744.24,10
1652,09:30:01,3744.24,7
1653,09:30:01,3744.24,4
1654,09:30:01,3744.24,3
1655,09:30:01,3744.24,1
1656,09:30:01,3744.24,5
1657,09:30:01,3744.24,400
1658,09:30:01,3744.24,1
1659,09:30:01,3744.24,1
1660,09:30:01,3744.24,1
1661,09:30:01,3744.24,34
1662,09:30:01,3744.24,98
1663,09:30:01,3744.24,9
1664,09:30:01,3744.24,5
1665,09:30:01,3744.24,3
1666,09:30:01,3744.24,3
1667,09:30:01,3744.24,3
1668,09:30:01,3744.24,1
1669,09:30:01,3744.24,1
1670,09:30:01,3744.24,2
1671,09:30:01,3744.24,1
1672,09:30:01,3744.24,2
1673,09:30:01,3744.24,3
1674,09:30:01,3744.24,1
1675,09:30:01,3744.24,1
1676,09:30:01,3744.24,10
1677,09:30:01,3744.24,1
1678,09:30:01,3744.24,3
1679,09:30:01,3744.24,1
1680,09:30:01,3744.24,1
1681,09:30:01,3744.24,1
1682,09:30:01,3744.24,1
1683,09:30:01,3744.24,4
1684,09:30:01,3744.24,1
1685,09:30:01,3744.24,1
1686,09:30:01,3744.24,3
1687,09:30:01,3744.24,1
1688,09:30:01,3744.24,3
1689,09:30:01,3744.24,3
1690,09:30:01,3744.24,10
1691,09:30:01,3744.24,1
1692,09:30:01,3744.24,1
1693,09:30:01,3744.24,3
1694,09:30:01,3744.24,1
1695,09:30:01,3744.24,3
1696,09:30:01,3744.24,1
1697,09:30:01,3744.24,1
1698,09:30:01,3744.24,1
1699,09:30:01,3744.24,5
1700,09:30:01,3744.24,1
1701,09:30:01,3744.24,3
1702,09:30:01,3744.24,5
1703,09:30:01,3744.24,1
1704,09:30:01,3744.24,2
1705,09:30:01,3744.24,14
1706,09:30:01,3744.24,1
1707,09:30:01,3744.24,1
1708,09:30:01,3744.24,1
1709,09:30:01,3744.24,2
1710,09:30:01,3744.24,1
1711,09:30:01,3744.24,1
1712,09:30:01,3744.24,2
1713,09:30:01,3744.24,3
1714,09:30:01,3744.24,1
1715,09:30:01,3744.24,1
1716,09:30:01,3744.24,1
1717,09:30:01,3744.24,1
1718,09:30:01,3744.24,6
1719,09:30:01,3744.24,3
1720,09:30:01,3744.24,10
1721,09:30:01,3744.24,5
1722,09:30:01,3744.24,10
1723,09:30:01,3744.24,2
1724,09:30:01,3744.24,4
1725,09:30:01,3744.24,1
1726,09:30:01,3744.24,8
1727,09:30:01,3744.24,5
1728,09:30:01,3744.24,1
1729,09:30:01,3744.24,1
1730,09:30:01,3744.24,25
1731,09:30:01,3744.24,4
1732,09:30:01,3744.24,1
1733,09:30:01,3744.24,3
1734,09:30:01,3744.24,2
1735,09:30:01,3744.24,1
1736,09:30:01,3744.24,25
1737,09:30:01,3744.24,3
1738,09:30:01,3744.24,2
1739,09:30:01,3744.24,1
1740,09:30:01,3744.24,1
1741,09:30:01,3744.24,3
1742,09:30:01,3744.24,100
1743,09:30:01,3744.24,2
1744,09:30:01,3744.24,1
1745,09:30:01,3744.24,2
1746,09:30:01,3744.24,1
1747,09:30:01,3744.24,55
1748,09:30:01,3744.24,1
1749,09:30:01,3744.24,20
1750,09:30:01,3744.24,1
1751,09:30:01,3744.24,13
1752,09:30:01,3744.24,1
1753,09:30:01,3744.24,2
1754,09:30:01,3744.24,20
1755,09:30:01,3744.24,1
1756,09:30:01,3744.24,1
1757,09:30:01,3744.24,1
1758,09:30:01,3744.24,2
1759,09:30:01,3744.24,10
1760,09:30:01,3744.24,10
1761,09:30:01,3744.24,1
1762,09:30:01,3744.24,1
1763,09:30:01,3744.24,2
1764,09:30:01,3744.24,1
1765,09:30:01,3744.24,1
1766,09:30:01,3744.24,2
1767,09:30:01,3744.24,1
1768,09:30:01,3744.24,10
1769,09:30:01,3744.24,30
1770,09:30:01,3744.24,1
1771,09:30:01,3744.24,2
1772,09:30:01,3744.24,15
1773,09:30:01,3744.24,1
1774,09:30:01,3744.24,1
1775,09:30:01,3744.24,2
1776,09:30:01,3744.24,1
1777,09:30:01,3744.24,5
1778,09:30:01,3744.24,1
1779,09:30:01,3744.24,4
1780,09:30:01,3744.24,2
1781,09:30:01,3744.24,1
1782,09:30:01,3744.24,1
1783,09:30:01,3744.24,1
1784,09:30:01,3744.24,3
1785,09:30:01,3744.24,2
1786,09:30:01,3744.24,2
1787,09:30:01,3744.24,1
1788,09:30:01,3744.24,1
1789,09:30:01,3744.24,2
1790,09:30:01,3744.24,1
1791,09:30:01,3744.24,1
1792,09:30:01,3744.24,1
1793,09:30:01,3744.24,33
1794,09:30:01,3744.24,1
1795,09:30:01,3744.24,1
1796,09:30:01,3744.24,6
1797,09:30:01,3744.24,10
1798,09:30:01,3744.24,10
1799,09:30:01,3744.24,17
1800,09:30:01,3744.24,40
1801,09:30:01,3744.24,37
1802,09:30:01,3744.24,39
1803,09:30:01,3744.24,10
1804,09:30:01,3744.24,2
1805,09:30:01,3744.24,5
1806,09:30:01,3744.24,4
1807,09:30:01,3744.24,100
1808,09:30:01,3744.24,3
1809,09:30:01,3744.24,1
1810,09:30:01,3744.24,1
1811,09:30:01,3744.24,3
1812,09:30:01,3744.24,1
1813,09:30:01,3744.24,2
1814,09:30:01,3744.24,4
1815,09:30:01,3744.24,2
1816,09:30:01,3744.24,20
1817,09:30:01,3744.24,1
1818,09:30:01,3744.24,1
1819,09:30:01,3744.24,1
1820,09:30:01,3744.24,2
1821,09:30:01,3744.24,4
1822,09:30:01,3744.24,16
1823,09:30:01,3744.24,10
1824,09:30:01,3744.24,9
1825,09:30:01,3744.24,22
1826,09:30:01,3744.24,7
1827,09:30:01,3744.24,6
1828,09:30:01,3744.24,1
1829,09:30:01,3744.24,1
1830,09:30:01,3744.24,5
1831,09:30:01,3744.24,8
1832,09:30:01,3744.24,5
1833,09:30:01,3744.24,3
1834,09:30:01,3744.24,1
1835,09:30:01,3744.24,1
1836,09:30:01,3744.24,1
1837,09:30:01,3744.24,4
1838,09:30:01,3744.24,13
1839,09:30:01,3744.24,1
1840,09:30:01,3744.24,1
1841,09:30:01,3744.24,3
1842,09:30:01,3744.24,1
1843,09:30:01,3744.24,1
1844,09:30:01,3744.24,1
1845,09:30:01,3744.24,30
1846,09:30:01,3744.24,10
1847,09:30:01,3744.24,239
1848,09:30:01,3744.24,1
1849,09:30:01,3744.24,10
1850,09:30:01,3744.24,3
1851,09:30:01,3744.24,15
1852,09:30:01,3744.24,1
1853,09:30:01,3744.24,1
1854,09:30:01,3744.24,5
1855,09:30:01,3744.24,2
1856,09:30:01,3744.24,8
1857,09:30:01,3744.24,4
1858,09:30:01,3744.24,1
1859,09:30:01,3744.24,1
1860,09:30:01,3744.24,2
1861,09:30:01,3744.24,1
1862,09:30:01,3744.24,3
1863,09:30:01,3744.24,1
1864,09:30:01,3744.24,1
1865,09:30:01,3744.24,2
1866,09:30:01,3744.24,2
1867,09:30:01,3744.24,1
1868,09:30:01,3744.24,1
1869,09:30:01,3744.24,2
1870,09:30:01,3744.24,1
1871,09:30:01,3744.24,8
1872,09:30:01,3744.24,1
1873,09:30:01,3744.24,1
1874,09:30:01,3744.24,1
1875,09:30:01,3744.24,1
1876,09:30:01,3744.24,1
1877,09:30:01,3744.24,1
1878,09:30:01,3744.24,2
1879,09:30:01,3744.24,3
1880,09:30:01,3744.24,3
1881,09:30:01,3744.24,2
1882,09:30:01,3744.24,5
1883,09:30:01,3744.24,10
1884,09:30:01,3744.24,4
1885,09:30:01,3744.24,2
1886,09:30:01,3744.24,80
1887,09:30:01,3744.24,1
1888,09:30:01,3744.24,1
1889,09:30:01,3744.24,10
1890,09:30:01,3744.24,1
1891,09:30:01,3744.24,2
1892,09:30:01,3744.24,1
1893,09:30:01,3744.24,1
1894,09:30:01,3744.24,1
1895,09:30:01,3744.24,1
1896,09:30:01,3744.24,1
1897,09:30:01,3744.24,1
1898,09:30:01,3744.24,1
1899,09:30:01,3744.24,1
1900,09:30:01,3744.24,1
1901,09:30:01,3744.24,3
1902,09:30:01,3744.24,1
1903,09:30:01,3744.24,3
1904,09:30:01,3744.24,3
1905,09:30:01,3744.24,1
1906,09:30:01,3744.24,1
1907,09:30:01,3744.24,1
1908,09:30:01,3744.24,1
1909,09:30:01,3744.24,1
1910,09:30:01,3744.24,1
1911,09:30:01,3744.24,1
1912,09:30:01,3744.24,1
1913,09:30:01,3744.24,2
1914,09:30:01,3744.24,1
1915,09:30:01,3744.24,3
1916,09:30:01,3744.24,1
1917,09:30:01,3744.24,2
1918,09:30:01,3744.24,1
1919,09:30:01,3744.24,1
1920,09:30:01,3744.24,1
1921,09:30:01,3744.24,1
1922,09:30:01,3744.24,3
1923,09:30:01,3744.24,1
1924,09:30:01,3744.24,4
1925,09:30:01,3744.24,2
1926,09:30:01,3744.24,2
1927,09:30:01,3744.24,1
1928,09:30:01,3744.24,1
1929,09:30:01,3744.24,2
1930,09:30:01,3744.24,2
1931,09:30:01,3744.24,3
1932,09:30:01,3744.24,1
1933,09:30:01,3744.24,3
1934,09:30:01,3744.24,1
1935,09:30:01,3744.24,1
1936,09:30:01,3744.24,1
1937,09:30:01,3744.24,64
1938,09:30:01,3744.24,90
1939,09:30:01,3744.24,2
1940,09:30:01,3744.24,3
1941,09:30:01,3744.24,2
1942,09:30:01,3744.24,8
1943,09:30:01,3744.24,1
1944,09:30:01,3744.24,10
1945,09:30:01,3744.24,1
1946,09:30:01,3744.24,3
1947,09:30:01,3744.24,10
1948,09:30:01,3744.24,1
1949,09:30:01,3744.24,10
1950,09:30:01,3744.24,2
1951,09:30:01,3744.24,1
1952,09:30:01,3744.24,1
1953,09:30:01,3744.24,5
1954,09:30:01,3744.24,4
1955,09:30:01,3744.24,10
1956,09:30:01,3744.24,233
1957,09:30:01,3744.24,1
1958,09:30:01,3744.24,19
1959,09:30:01,3744.24,1
1960,09:30:01,3744.24,2
1961,09:30:01,3744.24,1
1962,09:30:01,3744.24,1
1963,09:30:01,3744.24,1
1964,09:30:01,3744.24,2
1965,09:30:01,3744.24,1
1966,09:30:01,3744.24,5
1967,09:30:01,3744.24,3
1968,09:30:01,3744.24,182
1969,09:30:01,3744.24,9
1970,09:30:01,3744.24,12
1971,09:30:01,3744.24,5
1972,09:30:01,3744.24,5
1973,09:30:01,3744.24,50
1974,09:30:01,3744.24,98
1975,09:30:01,3744.24,300
1976,09:30:01,3744.24,1
1977,09:30:01,3744.24,844
1978,09:30:01,3744.24,5
1979,09:30:01,3744.24,3
1980,09:30:01,3744.24,15
1981,09:30:01,3744.24,25
1982,09:30:01,3744.24,3
1983,09:30:01,3744.24,1
1984,09:30:01,3744.24,16
1985,09:30:01,3744.24,3
1986,09:30:01,3744.24,2
1987,09:30:01,3744.24,4
1988,09:30:01,3744.24,1
1989,09:30:01,3744.24,10
1990,09:30:01,3744.24,3
1991,09:30:01,3744.24,3
1992,09:30:01,3744.24,192
1993,09:30:01,3744.24,30
1994,09:30:01,3744.24,1
1995,09:30:01,3744.24,2
1996,09:30:01,3744.24,8
1997,09:30:01,3744.24,7
1998,09:30:01,3744.24,15
1999,09:30:01,3744.24,10
2000,09:30:01,3744.24,7
2001,09:30:01,3744.24,1
2002,09:30:01,3744.24,2
2003,09:30:01,3744.24,1
2004,09:30:01,3744.24,1
2005,09:30:01,3744.24,4
2006,09:30:01,3744.24,1
2007,09:30:01,3744.24,4
2008,09:30:01,3744.24,1
2009,09:30:01,3744.24,5
2010,09:30:01,3744.24,4
2011,09:30:01,3744.24,1
2012,09:30:01,3744.24,5
2013,09:30:01,3744.24,4
2014,09:30:01,3744.24,1
2015,09:30:01,3744.24,2
2016,09:30:01,3744.24,1
2017,09:30:01,3744.24,2
2018,09:30:01,3744.24,1
2019,09:30:01,3744.24,20
2020,09:30:01,3744.24,23
2021,09:30:01,3744.24,50
2022,09:30:01,3744.24,6
2023,09:30:01,3744.24,1
2024,09:30:01,3744.24,1
2025,09:30:01,3744.24,2
2026,09:30:01,3744.24,1
2027,09:30:01,3744.24,28
2028,09:30:01,3744.24,8
2029,09:30:01,3744.24,2
2030,09:30:01,3744.24,1
2031,09:30:01,3744.24,18
2032,09:30:01,3744.24,26
2033,09:30:01,3744.24,2
2034,09:30:01,3744.24,6
2035,09:30:01,3744.24,10
2036,09:30:01,3744.24,1
2037,09:30:01,3744.24,1
2038,09:30:01,3744.24,7
2039,09:30:01,3744.24,2
2040,09:30:01,3744.24,2
2041,09:30:01,3744.24,2
2042,09:30:01,3744.24,10
2043,09:30:01,3744.24,25
2044,09:30:01,3744.24,10
2045,09:30:01,3744.24,48
2046,09:30:01,3744.24,5
2047,09:30:01,3744.24,100
2048,09:30:01,3744.24,64
2049,09:30:01,3744.24,3
2050,09:30:01,3744.24,2
2051,09:30:01,3744.24,12
2052,09:30:01,3744.24,30
2053,09:30:01,3744.24,1
2054,09:30:01,3744.24,1
2055,09:30:01,3744.24,1
2056,09:30:01,3744.24,2
2057,09:30:01,3744.24,2
2058,09:30:01,3744.24,7
2059,09:30:01,3744.24,3
2060,09:30:01,3744.24,6
2061,09:30:01,3744.24,10
2062,09:30:01,3744.24,10
2063,09:30:01,3744.24,1
2064,09:30:01,3744.24,17
2065,09:30:01,3744.24,592
2066,09:30:01,3744.24,1
2067,09:30:01,3744.24,11
2068,09:30:01,3744.24,47
2069,09:30:01,3744.24,24
2070,09:30:01,3744.24,42
2071,09:30:01,3744.24,6
2072,09:30:01,3744.24,7
2073,09:30:01,3744.24,39
2074,09:30:01,3744.24,63
2075,09:30:01,3744.24,38
2076,09:30:01,3744.24,34
2077,09:30:01,3744.24,49
2078,09:30:01,3744.24,227
2079,09:30:01,3744.24,1
2080,09:30:01,3744.24,1
2081,09:30:01,3744.24,1
2082,09:30:01,3744.24,16
2083,09:30:01,3744.24,2350
2084,09:30:01,3744.24,2
2085,09:30:01,3744.24,11
2086,09:30:01,3744.24,100
2087,09:30:01,3744.24,1
2088,09:30:01,3744.24,4
2089,09:30:01,3744.24,63
2090,09:30:01,3744.24,9
2091,09:30:01,3744.24,10
2092,09:30:01,3744.24,5
2093,09:30:01,3744.24,3
2094,09:30:01,3744.24,1
2095,09:30:01,3744.24,1
2096,09:30:01,3744.24,7
2097,09:30:01,3744.24,1
2098,09:30:01,3744.24,10
2099,09:30:01,3744.24,300
2100,09:30:01,3744.24,7
2101,09:30:01,3744.24,2
2102,09:30:01,3744.24,1
2103,09:30:01,3744.24,5
2104,09:30:01,3744.24,7
2105,09:30:01,3744.24,6
2106,09:30:01,3744.24,1
2107,09:30:01,3744.24,150
2108,09:30:01,3744.24,18
2109,09:30:01,3744.24,1
2110,09:30:01,3744.24,1
2111,09:30:01,3744.24,5
2112,09:30:01,3744.24,1
2113,09:30:01,3744.24,6
2114,09:30:01,3744.24,3
2115,09:30:01,3744.24,2
2116,09:30:01,3744.24,1
2117,09:30:01,3744.24,96
2118,09:30:01,3744.24,32
2119,09:30:01,3744.24,5
2120,09:30:01,3744.24,10
2121,09:30:01,3744.24,407
2122,09:30:01,3744.24,79
2123,09:30:01,3744.24,5
2124,09:30:01,3744.24,2
2125,09:30:01,3744.24,1
2126,09:30:01,3744.24,5
2127,09:30:01,3744.24,200
2128,09:30:01,3744.24,2
2129,09:30:01,3744.24,1
2130,09:30:01,3744.24,1
2131,09:30:01,3744.24,2
2132,09:30:01,3744.24,2
2133,09:30:01,3744.24,1
2134,09:30:01,3744.24,15
2135,09:30:01,3744.24,1
2136,09:30:01,3744.24,15
2137,09:30:01,3744.24,15
2138,09:30:01,3744.24,500
2139,09:30:01,3744.24,6
2140,09:30:01,3744.24,33
2141,09:30:01,3744.24,1
2142,09:30:01,3744.24,14
2143,09:30:01,3744.24,1
2144,09:30:01,3744.24,1
2145,09:30:01,3744.24,1
2146,09:30:01,3744.24,2
2147,09:30:01,3744.24,10
2148,09:30:01,3744.24,2
2149,09:30:01,3744.24,10
2150,09:30:01,3744.24,5
2151,09:30:01,3744.24,1
2152,09:30:01,3744.24,10
2153,09:30:01,3744.24,15
2154,09:30:01,3744.24,1
2155,09:30:01,3744.24,1
2156,09:30:01,3744.24,5
2157,09:30:01,3744.24,4
2158,09:30:01,3744.24,1
2159,09:30:01,3744.24,1
2160,09:30:01,3744.24,16
2161,09:30:01,3744.24,3
2162,09:30:01,3744.24,1
2163,09:30:01,3744.24,1
2164,09:30:01,3744.24,1
2165,09:30:01,3744.24,1
2166,09:30:01,3744.24,14
2167,09:30:01,3744.24,1
2168,09:30:01,3744.24,3
2169,09:30:01,3744.24,18
2170,09:30:01,3744.24,2
2171,09:30:01,3744.24,1
2172,09:30:01,3744.24,1
2173,09:30:01,3744.24,2
2174,09:30:01,3744.24,5
2175,09:30:01,3744.24,2
2176,09:30:01,3744.24,12
2177,09:30:01,3744.24,7
2178,09:30:01,3744.24,1
2179,09:30:01,3744.24,1
2180,09:30:01,3744.24,1
2181,09:30:01,3744.24,5
2182,09:30:01,3744.24,2
2183,09:30:01,3744.24,1
2184,09:30:01,3744.24,1
2185,09:30:01,3744.24,1
2186,09:30:01,3744.24,7
2187,09:30:01,3744.24,1
2188,09:30:01,3744.24,8
2189,09:30:01,3744.24,2
2190,09:30:01,3744.24,3
2191,09:30:01,3744.24,2
2192,09:30:01,3744.24,50
2193,09:30:01,3744.24,5
2194,09:30:01,3744.24,1
2195,09:30:01,3744.24,2
2196,09:30:01,3744.24,2
2197,09:30:01,3744.24,5
2198,09:30:01,3744.24,10
2199,09:30:01,3744.24,10
2200,09:30:01,3744.24,1
2201,09:30:01,3744.24,1
2202,09:30:01,3744.24,2
2203,09:30:01,3744.24,1
2204,09:30:01,3744.24,2
2205,09:30:01,3744.24,10
2206,09:30:01,3744.24,65
2207,09:30:01,3744.24,1
2208,09:30:01,3744.24,6
2209,09:30:01,3744.24,2
2210,09:30:01,3744.24,1
2211,09:30:01,3744.24,2
2212,09:30:01,3744.24,4
2213,09:30:01,3744.24,13
2214,09:30:01,3744.24,1
2215,09:30:01,3744.24,1
2216,09:30:01,3744.24,1
2217,09:30:01,3744.24,5
2218,09:30:01,3744.24,1
2219,09:30:01,3744.24,100
2220,09:30:01,3744.24,2
2221,09:30:01,3744.24,20
2222,09:30:01,3744.24,14
2223,09:30:01,3744.24,1
2224,09:30:01,3744.24,1
2225,09:30:01,3744.24,1
2226,09:30:01,3744.24,2
2227,09:30:01,3744.24,1
2228,09:30:01,3744.24,102
2229,09:30:01,3744.24,134
2230,09:30:01,3744.24,2
2231,09:30:01,3744.24,2
2232,09:30:01,3744.24,1
2233,09:30:01,3744.24,3
2234,09:30:01,3744.24,1
2235,09:30:01,3744.24,1
2236,09:30:01,3744.24,5
2237,09:30:01,3744.24,1
2238,09:30:01,3744.24,4
2239,09:30:01,3744.24,10
2240,09:30:01,3744.24,1
2241,09:30:01,3744.24,25
2242,09:30:01,3744.24,1
2243,09:30:01,3744.24,10
2244,09:30:01,3744.24,1
2245,09:30:01,3744.24,1
2246,09:30:01,3744.24,2
2247,09:30:01,3744.24,2
2248,09:30:01,3744.24,1
2249,09:30:01,3744.24,10
2250,09:30:01,3744.24,1
2251,09:30:01,3744.24,5
2252,09:30:01,3744.24,1
2253,09:30:01,3744.24,144
2254,09:30:01,3744.24,1
2255,09:30:01,3744.24,100
2256,09:30:01,3744.24,4
2257,09:30:01,3744.24,2
2258,09:30:01,3744.24,2
2259,09:30:01,3744.24,4
2260,09:30:01,3744.24,1
2261,09:30:01,3744.24,25
2262,09:30:01,3744.24,1
2263,09:30:01,3744.24,1
2264,09:30:01,3744.24,13
2265,09:30:01,3744.24,2
2266,09:30:01,3744.24,3
2267,09:30:01,3744.24,1
2268,09:30:01,3744.24,15
2269,09:30:01,3744.24,15
2270,09:30:01,3744.24,1
2271,09:30:01,3744.24,203
2272,09:30:01,3744.24,18
2273,09:30:01,3744.24,30
2274,09:30:01,3744.24,71
2275,09:30:01,3744.24,1
2276,09:30:01,3744.24,2
2277,09:30:01,3744.24,5
2278,09:30:01,3744.24,2
2279,09:30:01,3744.24,3
2280,09:30:01,3744.24,5
2281,09:30:01,3744.24,10
2282,09:30:01,3744.24,14
2283,09:30:01,3744.24,1
2284,09:30:01,3744.24,2
2285,09:30:01,3744.24,1
2286,09:30:01,3744.24,3
2287,09:30:01,3744.24,27
2288,09:30:01,3744.24,10
2289,09:30:01,3744.24,75
2290,09:30:01,3744.24,1
2291,09:30:01,3744.24,1
2292,09:30:01,3744.24,310
2293,09:30:01,3744.24,3
2294,09:30:01,3744.24,2
2295,09:30:01,3744.24,14
2296,09:30:01,3744.24,8
2297,09:30:01,3744.24,10
2298,09:30:01,3744.24,100
2299,09:30:01,3744.24,30
2300,09:30:01,3744.24,50
2301,09:30:01,3744.24,7
2302,09:30:01,3744.24,3
2303,09:30:01,3744.24,60
2304,09:30:01,3744.24,27
2305,09:30:01,3744.24,1
2306,09:30:01,3744.24,1
2307,09:30:01,3744.24,2
2308,09:30:01,3744.24,3
2309,09:30:01,3744.24,1
2310,09:30:01,3744.24,1
2311,09:30:01,3744.24,3
2312,09:30:01,3744.24,10
2313,09:30:01,3744.24,3
2314,09:30:01,3744.24,5
2315,09:30:01,3744.24,20
2316,09:30:01,3744.24,50
2317,09:30:01,3744.24,1
2318,09:30:01,3744.24,1
2319,09:30:01,3744.24,4
2320,09:30:01,3744.24,1
2321,09:30:01,3744.24,2
2322,09:30:01,3744.24,29
2323,09:30:01,3744.24,29
2324,09:30:01,3744.24,100
2325,09:30:01,3744.24,7
2326,09:30:01,3744.24,310
2327,09:30:01,3744.24,2
2328,09:30:01,3744.24,78
2329,09:30:01,3744.24,20
2330,09:30:01,3744.24,6
2331,09:30:01,3744.24,8
2332,09:30:01,3744.24,5
2333,09:30:01,3744.24,5
2334,09:30:01,3744.24,1
2335,09:30:01,3744.24,1
2336,09:30:01,3744.24,5
2337,09:30:01,3744.24,1
2338,09:30:01,3744.24,3
2339,09:30:01,3744.24,5
2340,09:30:01,3744.24,5
2341,09:30:01,3744.24,2
2342,09:30:01,3744.24,1
2343,09:30:01,3744.24,1
2344,09:30:01,3744.24,10
2345,09:30:01,3744.24,3
2346,09:30:01,3744.24,4
2347,09:30:01,3744.24,1
2348,09:30:01,3744.24,2
2349,09:30:01,3744.24,1
2350,09:30:01,3744.24,4
2351,09:30:01,3744.24,4
2352,09:30:01,3744.24,1
2353,09:30:01,3744.24,3
2354,09:30:01,3744.24,2
2355,09:30:01,3744.24,2
2356,09:30:01,3744.24,10
2357,09:30:01,3744.24,1
2358,09:30:01,3744.24,10
2359,09:30:01,3744.24,2
2360,09:30:01,3744.24,4
2361,09:30:01,3744.24,1
2362,09:30:01,3744.24,1
2363,09:30:01,3744.24,1
2364,09:30:01,3744.24,1
2365,09:30:01,3744.24,2
2366,09:30:01,3744.24,25
2367,09:30:01,3744.24,12
2368,09:30:01,3744.24,3
2369,09:30:01,3744.24,2
2370,09:30:01,3744.24,1
2371,09:30:01,3744.24,6
2372,09:30:01,3744.24,1
2373,09:30:01,3744.24,5
2374,09:30:01,3744.24,1
2375,09:30:01,3744.24,3
2376,09:30:01,3744.24,6
2377,09:30:01,3744.24,2
2378,09:30:01,3744.24,1
2379,09:30:01,3744.24,3
2380,09:30:01,3744.24,2
2381,09:30:01,3744.24,12
2382,09:30:01,3744.24,4
2383,09:30:01,3744.24,10
2384,09:30:01,3744.24,10
2385,09:30:01,3744.24,2
2386,09:30:01,3744.24,1
2387,09:30:01,3744.24,1
2388,09:30:01,3744.24,3
2389,09:30:01,3744.24,1
2390,09:30:01,3744.24,1
2391,09:30:01,3744.24,3
2392,09:30:01,3744.24,1
2393,09:30:01,3744.24,1
2394,09:30:01,3744.24,2
2395,09:30:01,3744.24,10
2396,09:30:01,3744.24,1
2397,09:30:01,3744.24,11
2398,09:30:01,3744.24,1
2399,09:30:01,3744.24,3
2400,09:30:01,3744.24,20
2401,09:30:01,3744.24,1
2402,09:30:01,3744.24,2
2403,09:30:01,3744.24,3
2404,09:30:01,3744.24,1
2405,09:30:01,3744.24,5
2406,09:30:01,3744.24,1
2407,09:30:01,3744.24,2
2408,09:30:01,3744.24,2
2409,09:30:01,3744.24,7
2410,09:30:01,3744.24,1
2411,09:30:01,3744.24,2
2412,09:30:01,3744.24,3
2413,09:30:01,3744.24,2
2414,09:30:01,3744.24,3
2415,09:30:01,3744.24,1
2416,09:30:01,3744.24,2
2417,09:30:01,3744.24,1
2418,09:30:01,3744.24,1
2419,09:30:01,3744.24,1
2420,09:30:01,3744.24,1
2421,09:30:01,3744.24,2
2422,09:30:01,3744.24,9
2423,09:30:01,3744.24,1
2424,09:30:01,3744.24,1
2425,09:30:01,3744.24,2
2426,09:30:01,3744.24,2
2427,09:30:01,3744.24,6
2428,09:30:01,3744.24,2
2429,09:30:01,3744.24,21
2430,09:30:01,3744.24,57
2431,09:30:01,3744.24,4
2432,09:30:01,3744.24,1
2433,09:30:01,3744.24,13
2434,09:30:01,3744.24,1
2435,09:30:01,3744.24,13
2436,09:30:01,3744.24,2
2437,09:30:01,3744.24,2
2438,09:30:01,3744.24,1
2439,09:30:01,3744.24,1
2440,09:30:01,3744.24,10
2441,09:30:01,3744.24,15
2442,09:30:01,3744.24,17
2443,09:30:01,3744.24,54
2444,09:30:01,3744.24,4
2445,09:30:01,3744.24,2
2446,09:30:01,3744.24,2
2447,09:30:01,3744.24,27
2448,09:30:01,3744.24,5
2449,09:30:01,3744.24,4
2450,09:30:01,3744.24,5
2451,09:30:01,3744.24,38
2452,09:30:01,3744.24,14
2453,09:30:01,3744.24,3
2454,09:30:01,3744.24,15
2455,09:30:01,3744.24,12
2456,09:30:01,3744.24,1
2457,09:30:01,3744.24,7
2458,09:30:01,3744.24,1
2459,09:30:01,3744.24,10
2460,09:30:01,3744.24,3
2461,09:30:01,3744.24,13
2462,09:30:01,3744.24,2
2463,09:30:01,3744.24,2
2464,09:30:01,3744.24,1
2465,09:30:01,3744.24,1
2466,09:30:01,3744.24,1
2467,09:30:01,3744.24,1
2468,09:30:01,3744.24,2
2469,09:30:01,3744.24,1
2470,09:30:01,3744.24,1
2471,09:30:01,3744.24,1
2472,09:30:01,3744.24,2
2473,09:30:01,3744.24,3
2474,09:30:01,3744.24,3
2475,09:30:01,3744.24,1
2476,09:30:01,3744.24,2
2477,09:30:01,3744.24,5
2478,09:30:01,3744.24,4
2479,09:30:01,3744.24,4
2480,09:30:01,3744.24,3
2481,09:30:01,3744.24,1
2482,09:30:01,3744.24,1
2483,09:30:01,3744.24,1
2484,09:30:01,3744.24,1
2485,09:30:01,3744.24,1
2486,09:30:01,3744.24,1
2487,09:30:01,3744.24,3
2488,09:30:01,3744.24,1
2489,09:30:01,3744.24,1
2490,09:30:01,3744.24,98
2491,09:30:01,3744.24,238
2492,09:30:01,3744.24,3
2493,09:30:01,3744.24,3
2494,09:30:01,3744.24,1
2495,09:30:01,3744.24,1
2496,09:30:01,3744.24,1
2497,09:30:01,3744.24,19
2498,09:30:01,3744.24,1
2499,09:30:01,3744.24,1
2500,09:30:01,3744.24,6
2501,09:30:01,3744.24,1
2502,09:30:01,3744.24,2
2503,09:30:01,3744.24,2
2504,09:30:01,3744.24,1
2505,09:30:01,3744.24,1
2506,09:30:01,3744.24,5
2507,09:30:01,3744.24,1
2508,09:30:01,3744.24,1
2509,09:30:01,3744.24,1
2510,09:30:01,3744.24,5
2511,09:30:01,3744.24,5
2512,09:30:01,3744.24,1
2513,09:30:01,3744.24,1
2514,09:30:01,3744.24,1
2515,09:30:01,3744.24,1
2516,09:30:01,3744.24,1
2517,09:30:01,3744.24,50
2518,09:30:01,3744.24,1
2519,09:30:01,3744.24,3
2520,09:30:01,3744.24,2
2521,09:30:01,3744.24,1
2522,09:30:01,3744.24,4
2523,09:30:01,3744.24,1
2524,09:30:01,3744.24,1
2525,09:30:01,3744.24,1
2526,09:30:01,3744.24,1
2527,09:30:01,3744.24,1
2528,09:30:01,3744.24,1
2529,09:30:01,3744.24,1
2530,09:30:01,3744.24,1
2531,09:30:01,3744.24,1
2532,09:30:01,3744.24,5
2533,09:30:01,3744.24,1
2534,09:30:01,3744.24,4
2535,09:30:01,3744.24,1
2536,09:30:01,3744.24,3
2537,09:30:01,3744.24,3
2538,09:30:01,3744.24,5
2539,09:30:01,3744.24,6
2540,09:30:01,3744.24,1
2541,09:30:01,3744.24,2
2542,09:30:01,3744.24,4
2543,09:30:01,3744.24,10
2544,09:30:01,3744.24,4
2545,09:30:01,3744.24,1
2546,09:30:01,3744.24,1
2547,09:30:01,3744.24,2
2548,09:30:01,3744.24,2
2549,09:30:01,3744.24,4
2550,09:30:01,3744.24,2
2551,09:30:01,3744.24,1
2552,09:30:01,3744.24,3
2553,09:30:01,3744.24,1
2554,09:30:01,3744.24,2
2555,09:30:01,3744.24,1
2556,09:30:01,3744.24,2
2557,09:30:01,3744.24,9
2558,09:30:01,3744.24,5
2559,09:30:01,3744.24,3
2560,09:30:01,3744.24,1
2561,09:30:01,3744.24,15
2562,09:30:01,3744.24,1
2563,09:30:01,3744.24,1
2564,09:30:01,3744.24,1
2565,09:30:01,3744.24,3
2566,09:30:01,3744.24,1
2567,09:30:01,3744.24,4
2568,09:30:01,3744.24,1
2569,09:30:01,3744.24,1
2570,09:30:01,3744.24,9
2571,09:30:01,3744.24,1
2572,09:30:01,3744.24,1
2573,09:30:01,3744.24,1
2574,09:30:01,3744.24,1
2575,09:30:01,3744.24,1
2576,09:30:01,3744.24,1
2577,09:30:01,3744.24,2
2578,09:30:01,3744.24,1
2579,09:30:01,3744.24,1
2580,09:30:01,3744.24,10
2581,09:30:01,3744.24,2
2582,09:30:01,3744.24,13
2583,09:30:01,3744.24,3
2584,09:30:01,3744.24,2
2585,09:30:01,3744.24,1
2586,09:30:01,3744.24,1
2587,09:30:01,3744.24,2
2588,09:30:01,3744.24,20
2589,09:30:01,3744.24,1
2590,09:30:01,3744.24,1
2591,09:30:01,3744.24,1
2592,09:30:01,3744.24,2
2593,09:30:01,3744.24,2
2594,09:30:01,3744.24,1
2595,09:30:01,3744.24,1
2596,09:30:01,3744.24,3
2597,09:30:01,3744.24,3
2598,09:30:01,3744.24,4
2599,09:30:01,3744.24,14
2600,09:30:01,3744.24,7
2601,09:30:01,3744.24,2
2602,09:30:01,3744.24,3
2603,09:30:01,3744.24,2
2604,09:30:01,3744.24,1
2605,09:30:01,3744.24,1
2606,09:30:01,3744.24,3
2607,09:30:01,3744.24,5
2608,09:30:01,3744.24,1
2609,09:30:01,3744.24,1
2610,09:30:01,3744.24,3
2611,09:30:01,3744.24,1
2612,09:30:01,3744.24,10
2613,09:30:01,3744.24,3
2614,09:30:01,3744.24,1
2615,09:30:01,3744.24,1
2616,09:30:01,3744.24,1
2617,09:30:01,3744.24,8
2618,09:30:01,3744.24,2
2619,09:30:01,3744.24,1
2620,09:30:01,3744.24,3
2621,09:30:01,3744.24,1
2622,09:30:01,3744.24,1
2623,09:30:01,3744.24,1
2624,09:30:01,3744.24,5
2625,09:30:01,3744.24,1
2626,09:30:01,3744.24,1
2627,09:30:01,3744.24,30
2628,09:30:01,3744.24,10
2629,09:30:01,3744.24,1
2630,09:30:01,3744.24,1
2631,09:30:01,3744.24,6851
2632,09:30:01,3744.24,15
2633,09:30:01,3744.24,5
2634,09:30:01,3744.24,2
2635,09:30:01,3744.24,20
2636,09:30:01,3744.24,2
2637,09:30:01,3744.24,2
2638,09:30:01,3744.24,1
2639,09:30:01,3744.24,5
2640,09:30:01,3744.24,12
2641,09:30:01,3744.24,2
2642,09:30:01,3744.24,1
2643,09:30:01,3744.24,30
2644,09:30:01,3744.24,1
2645,09:30:01,3744.24,93
2646,09:30:01,3744.24,1
2647,09:30:01,3744.24,1
2648,09:30:01,3744.24,10
2649,09:30:01,3744.24,1
2650,09:30:01,3744.24,2
2651,09:30:01,3744.24,1
2652,09:30:01,3744.24,93
2653,09:30:01,3744.24,1
2654,09:30:01,3744.24,173
2655,09:30:01,3744.24,93
2656,09:30:01,3744.24,93
2657,09:30:01,3744.24,40
2658,09:30:01,3744.24,1
2659,09:30:01,3744.24,1
2660,09:30:01,3744.24,93
2661,09:30:01,3744.24,93
2662,09:30:01,3744.24,94
2663,09:30:01,3744.24,93
2664,09:30:01,3744.24,1
2665,09:30:01,3744.24,93
2666,09:30:01,3744.24,88
2667,09:30:01,3744.24,93
2668,09:30:01,3744.24,93
2669,09:30:01,3744.24,93
2670,09:30:01,3744.24,93
2671,09:30:01,3744.24,3
2672,09:30:01,3744.24,1
2673,09:30:01,3744.24,1
2674,09:30:01,3744.24,5
2675,09:30:01,3744.24,1
2676,09:30:01,3744.24,6
2677,09:30:01,3744.24,1
2678,09:30:01,3744.24,32
2679,09:30:01,3744.24,59
2680,09:30:01,3744.24,1
2681,09:30:01,3744.24,5
2682,09:30:01,3744.24,10
2683,09:30:01,3744.24,2
2684,09:30:01,3744.24,9
2685,09:30:01,3744.24,2
2686,09:30:01,3744.24,10
2687,09:30:01,3744.24,1
2688,09:30:01,3744.24,3
2689,09:30:01,3744.24,11
2690,09:30:01,3744.24,18
2691,09:30:01,3744.24,2
2692,09:30:01,3744.24,5
2693,09:30:01,3744.24,1
2694,09:30:01,3744.24,1
2695,09:30:01,3744.24,1
2696,09:30:01,3744.24,7
2697,09:30:01,3744.24,1
2698,09:30:01,3744.24,2
2699,09:30:01,3744.24,1
2700,09:30:01,3744.24,1
2701,09:30:01,3744.24,1
2702,09:30:01,3744.24,200
2703,09:30:01,3744.24,10
2704,09:30:01,3744.24,2
2705,09:30:01,3744.24,1
2706,09:30:01,3744.24,2
2707,09:30:01,3744.24,1
2708,09:30:01,3744.24,1
2709,09:30:01,3744.24,6
2710,09:30:01,3744.24,93
2711,09:30:01,3744.24,93
2712,09:30:01,3744.24,93
2713,09:30:01,3744.24,1
2714,09:30:01,3744.24,93
2715,09:30:01,3744.24,93
2716,09:30:01,3744.24,93
2717,09:30:01,3744.24,1
2718,09:30:01,3744.24,93
2719,09:30:01,3744.24,93
2720,09:30:01,3744.24,93
2721,09:30:01,3744.24,93
2722,09:30:01,3744.24,8
2723,09:30:01,3744.24,93
2724,09:30:01,3744.24,10
2725,09:30:01,3744.24,93
2726,09:30:01,3744.24,100
2727,09:30:01,3744.24,93
2728,09:30:01,3744.24,93
2729,09:30:01,3744.24,93
2730,09:30:01,3744.24,93
2731,09:30:01,3744.24,4
2732,09:30:01,3744.24,93
2733,09:30:01,3744.24,93
2734,09:30:01,3744.24,93
2735,09:30:01,3744.24,93
2736,09:30:01,3744.24,93
2737,09:30:01,3744.24,93
2738,09:30:01,3744.24,1
2739,09:30:01,3744.24,93
2740,09:30:01,3744.24,93
2741,09:30:01,3744.24,12
2742,09:30:01,3744.24,93
2743,09:30:01,3744.24,93
2744,09:30:01,3744.24,93
2745,09:30:01,3744.24,93
2746,09:30:01,3744.24,93
2747,09:30:01,3744.24,93
2748,09:30:01,3744.24,93
2749,09:30:01,3744.24,93
2750,09:30:01,3744.24,46
2751,09:30:01,3744.24,47
2752,09:30:01,3744.24,46
2753,09:30:01,3744.24,47
2754,09:30:01,3744.24,46
2755,09:30:01,3744.24,47
2756,09:30:01,3744.24,46
2757,09:30:01,3744.24,47
2758,09:30:01,3744.24,46
2759,09:30:01,3744.24,47
2760,09:30:01,3744.24,1
2761,09:30:01,3744.24,6
2762,09:30:01,3744.24,2
2763,09:30:01,3744.24,7
2764,09:30:01,3744.24,2
2765,09:30:01,3744.24,2
2766,09:30:01,3744.24,5
2767,09:30:01,3744.24,1
2768,09:30:01,3744.24,1
2769,09:30:01,3744.24,2
2770,09:30:01,3744.24,1
2771,09:30:01,3744.24,30
2772,09:30:01,3744.24,1
2773,09:30:01,3744.24,20
2774,09:30:01,3744.24,2
2775,09:30:01,3744.24,1
2776,09:30:01,3744.24,10
2777,09:30:01,3744.24,1
2778,09:30:01,3744.24,25
2779,09:30:01,3744.24,5
2780,09:30:01,3744.24,12
2781,09:30:01,3744.24,7
2782,09:30:01,3744.24,1
2783,09:30:01,3744.24,5
2784,09:30:01,3744.24,1
2785,09:30:01,3744.24,14
2786,09:30:01,3744.24,1
2787,09:30:01,3744.24,6
2788,09:30:01,3744.24,2
2789,09:30:01,3744.24,3
2790,09:30:01,3744.24,2
2791,09:30:01,3744.24,5
2792,09:30:01,3744.24,20
2793,09:30:01,3744.24,1
2794,09:30:01,3744.24,1
2795,09:30:01,3744.24,1
2796,09:30:01,3744.24,1
2797,09:30:01,3744.24,1
2798,09:30:01,3744.24,1
2799,09:30:01,3744.24,1
2800,09:30:01,3744.24,1
2801,09:30:01,3744.24,1
2802,09:30:01,3744.24,1
2803,09:30:01,3744.24,3
2804,09:30:01,3744.24,1
2805,09:30:01,3744.24,1
2806,09:30:01,3744.24,1
2807,09:30:01,3744.24,3
2808,09:30:01,3744.24,1
2809,09:30:01,3744.24,2
2810,09:30:01,3744.24,1
2811,09:30:01,3744.24,3
2812,09:30:01,3744.24,2
2813,09:30:01,3744.24,2
2814,09:30:01,3744.24,1
2815,09:30:01,3744.24,1
2816,09:30:01,3744.24,1
2817,09:30:01,3744.24,1
2818,09:30:01,3744.24,2
2819,09:30:01,3744.24,11
2820,09:30:01,3744.24,1
2821,09:30:01,3744.24,1
2822,09:30:01,3744.24,1
2823,09:30:01,3744.24,1
2824,09:30:01,3744.24,1
2825,09:30:01,3744.24,1
2826,09:30:01,3744.24,1
2827,09:30:01,3744.24,10
2828,09:30:01,3744.24,7
2829,09:30:01,3744.24,1
2830,09:30:01,3744.24,3
2831,09:30:01,3744.24,1
2832,09:30:01,3744.24,1
2833,09:30:01,3744.24,15
2834,09:30:01,3744.24,1
2835,09:30:01,3744.24,1
2836,09:30:01,3744.24,1
2837,09:30:01,3744.24,1
2838,09:30:01,3744.24,1
2839,09:30:01,3744.24,1
2840,09:30:01,3744.24,1
2841,09:30:01,3744.24,1
2842,09:30:01,3744.24,1
2843,09:30:01,3744.24,1
2844,09:30:01,3744.24,1
2845,09:30:01,3744.24,1
2846,09:30:01,3744.24,1
2847,09:30:01,3744.24,1
2848,09:30:01,3744.24,1
2849,09:30:01,3744.24,5
2850,09:30:01,3744.24,1
2851,09:30:01,3744.24,7
2852,09:30:01,3744.24,110
2853,09:30:01,3744.24,17
2854,09:30:01,3744.24,2
2855,09:30:01,3744.24,20
2856,09:30:01,3744.24,2
2857,09:30:01,3744.24,5
2858,09:30:01,3744.24,1
2859,09:30:01,3744.24,2
2860,09:30:01,3744.24,1
2861,09:30:01,3744.24,1
2862,09:30:01,3744.24,1
2863,09:30:01,3744.24,4
2864,09:30:01,3744.24,1
2865,09:30:01,3744.24,1
2866,09:30:01,3744.24,1
2867,09:30:01,3744.24,2
2868,09:30:01,3744.24,2
2869,09:30:01,3744.24,2
2870,09:30:01,3744.24,1
2871,09:30:01,3744.24,1
2872,09:30:01,3744.24,7
2873,09:30:01,3744.24,2
2874,09:30:01,3744.24,1
2875,09:30:01,3744.24,6
2876,09:30:01,3744.24,21
2877,09:30:01,3744.24,2
2878,09:30:01,3744.24,1
2879,09:30:01,3744.24,7
2880,09:30:01,3744.24,3
2881,09:30:01,3744.24,1
2882,09:30:01,3744.24,3
2883,09:30:01,3744.24,1
2884,09:30:01,3744.24,29
2885,09:30:01,3744.24,1
2886,09:30:01,3744.24,4
2887,09:30:01,3744.24,5
2888,09:30:01,3744.24,2
2889,09:30:01,3744.24,6
2890,09:30:01,3744.24,4
2891,09:30:01,3744.24,19
2892,09:30:01,3744.24,3
2893,09:30:01,3744.24,21
2894,09:30:01,3744.24,2
2895,09:30:01,3744.24,2
2896,09:30:01,3744.24,1
2897,09:30:01,3744.24,3
2898,09:30:01,3744.24,1
2899,09:30:01,3744.24,6
2900,09:30:01,3744.24,2
2901,09:30:01,3744.24,6
2902,09:30:01,3744.24,1
2903,09:30:01,3744.24,1
2904,09:30:01,3744.24,1
2905,09:30:01,3744.24,3
2906,09:30:01,3744.24,47
2907,09:30:01,3744.24,5
2908,09:30:01,3744.24,7
2909,09:30:01,3744.24,3
2910,09:30:01,3744.24,1
2911,09:30:01,3744.24,21
2912,09:30:01,3744.24,1
2913,09:30:01,3744.24,3
2914,09:30:01,3744.24,1
2915,09:30:01,3744.24,1
2916,09:30:01,3744.24,70
2917,09:30:01,3744.24,1
2918,09:30:01,3744.24,2
2919,09:30:01,3744.24,1
2920,09:30:01,3744.24,3
2921,09:30:01,3744.24,1
2922,09:30:01,3744.24,1
2923,09:30:01,3744.24,10
2924,09:30:01,3744.24,1
2925,09:30:01,3744.24,1
2926,09:30:01,3744.24,18
2927,09:30:01,3744.24,2
2928,09:30:01,3744.24,100
2929,09:30:01,3744.24,1
2930,09:30:01,3744.24,4
2931,09:30:01,3744.24,17
2932,09:30:01,3744.24,2
2933,09:30:01,3744.24,10
2934,09:30:01,3744.24,10
2935,09:30:01,3744.24,1
2936,09:30:01,3744.24,286
2937,09:30:01,3744.24,100
2938,09:30:01,3744.24,10
2939,09:30:01,3744.24,1
2940,09:30:01,3744.24,15
2941,09:30:01,3744.24,105
2942,09:30:01,3744.24,2
2943,09:30:01,3744.24,100
2944,09:30:01,3744.24,1
2945,09:30:01,3744.24,4
2946,09:30:01,3744.24,500
2947,09:30:01,3744.24,100
2948,09:30:01,3744.24,45
2949,09:30:01,3744.24,1
2950,09:30:01,3744.24,1
2951,09:30:01,3744.24,2
2952,09:30:01,3744.24,1
2953,09:30:01,3744.24,1
2954,09:30:01,3744.24,57
2955,09:30:01,3744.24,3
2956,09:30:01,3744.24,2
2957,09:30:01,3744.24,25
2958,09:30:01,3744.24,5
2959,09:30:01,3744.24,90
2960,09:30:01,3744.24,5
2961,09:30:01,3744.24,25
2962,09:30:01,3744.24,19
2963,09:30:01,3744.24,7
2964,09:30:01,3744.24,450
2965,09:30:01,3744.24,3
2966,09:30:01,3744.24,1
2967,09:30:01,3744.24,10
2968,09:30:01,3744.24,8
2969,09:30:01,3744.24,30
2970,10:29:59,3716.4466,300
2971,10:29:57,3716.265,100
2972,10:29:44,3717.7999,200
2973,10:29:44,3717.27,100
2974,10:29:44,3717.25,100
2975,10:29:40,3717.87,100
2976,10:29:12,3714.7442,300
2977,10:29:03,3715.87,100
2978,10:29:00,3716.1386,300
2979,10:28:41,3716.28,100
2980,10:28:34,3717.29,100
2981,10:28:22,3717.11,100
2982,10:28:04,3717.06,100
2983,10:28:01,3717.575,100
2984,10:27:53,3717.795,100
2985,10:27:51,3717.5,100
2986,10:27:49,3718.033,104
2987,10:27:42,3716.91,100
2988,10:27:34,3718.49,100
2989,10:27:34,3718.69,100
2990,10:27:34,3718.84,100
2991,10:27:34,3718.785,100
2992,10:27:30,3717.04,100
2993,10:27:21,3715.6,100
2994,10:27:21,3715.61,100
2995,10:27:21,3718.1,263
2996,10:27:20,3717.98,142
2997,10:26:58,3717.22,100
2998,10:26:52,3717.535,100
2999,10:26:42,3715.0,172
3000,10:26:41,3713.465,100
3001,10:26:37,3713.18,100
3002,10:26:20,3713.08,250
3003,10:26:00,3713.45,100
3004,10:24:58,3710.51,100
3005,10:24:57,3712.085,100
3006,10:24:17,3710.05,100
3007,10:24:05,3709.8,279
3008,10:23:57,3710.68,100
3009,10:23:26,3710.21,223
3010,10:22:32,3709.53,100
3011,10:22:30,3709.62,100
3012,10:21:54,3709.55,100
3013,10:21:42,3709.3,100
3014,10:21:38,3710.63,100
3015,10:21:31,3709.65,100
3016,10:21:18,3712.8725,400
3017,10:21:11,3712.8,100
3018,10:21:02,3713.99,157
3019,10:20:47,3711.82,100
3020,10:20:37,3710.4625,350
3021,10:20:30,3710.3,342
3022,10:20:27,3710.345,100
3023,10:20:18,3707.04,100
3024,10:20:18,3707.21,100
3025,10:20:09,3707.34,100
3026,10:20:03,3709.52,100
3027,10:19:56,3709.98,100
3028,10:19:56,3709.98,115
3029,10:19:52,3709.965,100
3030,10:19:29,3708.04,100
3031,10:19:14,3710.29,100
3032,10:19:04,3707.9401,100
3033,10:19:02,3708.57,100
3034,10:18:57,3707.22,100
3035,10:18:56,3707.24,100
3036,10:18:52,3708.39,100
3037,10:18:51,3709.195,100
3038,10:18:48,3709.83,100
3039,10:18:42,3708.09,100
3040,10:18:41,3708.6241,100
3041,10:18:37,3707.11,100
3042,10:18:37,3707.115,100
3043,10:18:36,3708.74,100
3044,10:18:35,3707.39,100
3045,10:18:32,3708.39,200
3046,10:18:29,3708.385,100
3047,10:18:08,3709.4,100
3048,10:18:08,3709.345,100
3049,10:18:08,3709.37,100
3050,10:18:02,3709.4758,200
3051,10:17:57,3711.4299,110
3052,10:17:39,3711.34,100
3053,10:17:37,3711.11,100
3054,10:17:31,3706.325,100
3055,10:17:21,3705.585,100
3056,10:17:20,3705.585,100
3057,10:17:19,3704.925,100
3058,10:17:18,3705.82,100
3059,10:17:15,3707.8,100
3060,10:17:15,3707.69,100
3061,10:17:15,3706.92,100
3062,10:17:08,3707.5402,100
3063,10:17:06,3707.76,233
3064,10:17:06,3707.035,100
3065,10:17:05,3707.29,100
3066,10:17:03,3707.2,100
3067,10:17:02,3706.34,200
3068,10:17:00,3707.25,100
3069,10:17:00,3706.86,500
3070,10:16:51,3704.54,100
3071,10:16:45,3706.055,100
3072,10:16:44,3706.065,170
3073,10:16:41,3706.045,100
3074,10:16:36,3705.995,100
3075,10:16:34,3706.5851,100
3076,10:16:34,3705.985,100
3077,10:16:29,3706.22,100
3078,10:16:28,3704.65,100
3079,10:16:28,3703.93,100
3080,10:16:28,3703.66,100
3081,10:16:28,3703.86,100
3082,10:16:28,3703.9,100
3083,10:16:28,3703.5,100
3084,10:16:22,3702.9927,200
3085,10:16:22,3703.63,100
3086,10:16:17,3702.81,100
3087,10:16:05,3703.8,100
3088,10:16:04,3703.11,100
3089,10:16:04,3703.9,100
3090,10:16:04,3703.78,100
3091,10:15:57,3703.3,100
3092,10:15:56,3704.7,200
3093,10:15:56,3705.22,100
3094,10:15:56,3705.43,200
3095,10:15:55,3705.625,100
3096,10:15:55,3705.2,100
3097,10:15:50,3706.0,400
3098,10:15:50,3706.975,100
3099,10:15:49,3708.0,100
3100,10:15:49,3708.0,100
3101,10:15:49,3708.0,100
3102,10:15:48,3707.44,100
3103,10:15:48,3708.0,100
3104,10:15:48,3707.97,100
3105,10:15:48,3708.0,100
3106,10:15:48,3708.0,100
3107,10:15:48,3708.0,100
3108,10:15:44,3708.0001,100
3109,10:15:43,3709.0,100
3110,10:15:42,3709.0,100
3111,10:15:42,3709.01,100
3112,10:15:42,3710.0,100
3113,10:15:42,3710.0,100
3114,10:15:35,3711.0,100
3115,10:15:35,3711.01,100
3116,10:15:35,3711.74,100
3117,10:15:32,3713.2118,100
3118,10:15:22,3714.8,100
3119,10:15:20,3714.2,100
3120,10:15:20,3714.495,100
3121,10:15:20,3715.0,300
3122,10:15:07,3716.3863,100
3123,10:14:48,3716.005,100
3124,10:14:46,3716.045,100
3125,10:14:41,3716.045,100
3126,10:14:40,3715.98,100
3127,10:14:40,3716.92,300
3128,10:14:36,3717.935,100
3129,10:14:32,3717.4084,185
3130,10:14:28,3717.59,100
3131,10:14:17,3718.29,100
3132,10:14:17,3718.28,100
3133,10:14:17,3718.33,100
3134,10:14:16,3719.465,100
3135,10:14:14,3718.985,100
3136,10:14:04,3717.99,100
3137,10:13:59,3717.01,100
3138,10:13:52,3717.9,100
3139,10:13:52,3717.915,1000
3140,10:13:52,3717.62,100
3141,10:13:51,3718.75,100
3142,10:13:49,3716.97,100
3143,10:13:49,3717.22,100
3144,10:13:49,3717.22,100
3145,10:13:39,3717.185,100
3146,10:13:26,3715.25,100
3147,10:13:26,3717.22,100
3148,10:13:24,3715.71,100
3149,10:13:14,3717.32,100
3150,10:13:13,3717.96,100
3151,10:13:13,3718.84,100
3152,10:13:12,3718.76,100
3153,10:13:11,3717.26,100
3154,10:13:10,3717.93,100
3155,10:13:10,3717.42,100
3156,10:13:10,3717.01,144
3157,10:13:00,3717.73,100
3158,10:13:00,3717.67,100
3159,10:12:57,3716.04,100
3160,10:12:49,3717.99,530
3161,10:12:46,3717.6545,100
3162,10:12:45,3717.5378,100
3163,10:12:41,3716.86,100
3164,10:12:27,3716.75,100
3165,10:12:27,3716.76,100
3166,10:12:22,3716.12,100
3167,10:12:17,3716.34,100
3168,10:12:17,3716.35,100
3169,10:12:14,3715.61,100
3170,10:12:02,3714.805,193
3171,10:11:58,3713.71,100
3172,10:11:58,3713.72,100
3173,10:11:54,3714.1,100
3174,10:11:53,3713.71,100
3175,10:11:52,3713.47,100
3176,10:11:52,3713.72,100
3177,10:11:42,3712.72,100
3178,10:11:42,3712.72,100
3179,10:11:19,3711.845,100
3180,10:11:15,3711.1,100
3181,10:11:09,3712.685,100
3182,10:11:07,3712.905,250
3183,10:11:00,3713.945,100
3184,10:10:57,3714.36,100
3185,10:10:55,3714.225,150
3186,10:10:52,3715.15,100
3187,10:10:48,3714.07,100
3188,10:10:32,3713.72,100
3189,10:10:31,3713.59,630
3190,10:10:30,3714.495,100
3191,10:10:01,3714.66,100
3192,10:10:00,3715.305,100
3193,10:09:57,3714.95,100
3194,10:09:57,3714.96,100
3195,10:09:55,3713.81,100
3196,10:09:41,3712.27,100
3197,10:09:25,3712.9499,100
3198,10:09:18,3713.095,100
3199,10:09:14,3714.01,100
3200,10:09:09,3715.54,100
3201,10:09:09,3715.5,100
3202,10:09:09,3715.5,100
3203,10:09:04,3715.99,100
3204,10:08:42,3714.48,100
3205,10:08:42,3714.555,301
3206,10:08:42,3713.58,100
3207,10:08:39,3714.35,100
3208,10:08:35,3714.29,100
3209,10:08:30,3715.36,100
3210,10:08:30,3715.37,100
3211,10:08:30,3715.36,100
3212,10:08:30,3715.45,100
3213,10:08:28,3715.78,128
3214,10:08:27,3715.54,100
3215,10:08:27,3715.56,100
3216,10:08:25,3715.62,100
3217,10:08:18,3716.9051,1500
3218,10:08:16,3716.25,100
3219,10:08:16,3716.06,100
3220,10:08:11,3715.5275,310
3221,10:08:06,3715.475,200
3222,10:08:05,3715.56,100
3223,10:08:05,3714.865,200
3224,10:08:03,3715.42,277
3225,10:08:03,3715.42,100
3226,10:08:01,3715.44,100
3227,10:07:56,3713.62,100
3228,10:07:51,3714.66,100
3229,10:07:51,3713.0,329
3230,10:07:51,3713.0,100
3231,10:07:50,3713.0,100
3232,10:07:50,3713.0,811
3233,10:07:50,3713.0,200
3234,10:07:45,3711.95,100
3235,10:07:45,3712.0,100
3236,10:07:45,3712.0,131
3237,10:07:45,3712.0,523
3238,10:07:42,3710.81,100
3239,10:07:35,3711.7684,163
3240,10:07:34,3710.05,118
3241,10:07:33,3710.89,100
3242,10:07:09,3709.57,100
3243,10:07:09,3710.08,180
3244,10:07:09,3710.08,100
3245,10:06:58,3710.01,100
3246,10:06:58,3709.165,100
3247,10:06:57,3709.137,265
3248,10:06:57,3709.137,100
3249,10:06:57,3709.14,100
3250,10:06:57,3709.135,100
3251,10:06:57,3709.135,100
3252,10:06:57,3708.96,150
3253,10:06:56,3708.98,100
3254,10:06:55,3708.38,100
3255,10:06:53,3707.138,492
3256,10:06:52,3706.82,100
3257,10:06:52,3706.91,100
3258,10:06:52,3706.92,100
3259,10:06:52,3706.92,100
3260,10:06:52,3706.92,225
3261,10:06:52,3706.1931,100
3262,10:06:45,3707.4,100
3263,10:06:44,3706.99,100
3264,10:06:43,3706.1697,400
3265,10:06:43,3707.21,100
3266,10:06:42,3706.5736,100
3267,10:06:41,3705.83,100
3268,10:06:41,3705.83,100
3269,10:06:41,3706.0439,100
3270,10:06:41,3706.8,100
3271,10:06:40,3707.21,199
3272,10:06:39,3707.5916,269
3273,10:06:37,3706.62,100
3274,10:06:37,3707.0,100
3275,10:06:36,3707.24,321
3276,10:06:33,3707.2897,137
3277,10:06:32,3708.0,100
3278,10:06:32,3709.0,182
3279,10:06:29,3710.0,134
3280,10:06:21,3709.6,100
3281,10:06:21,3709.76,100
3282,10:06:19,3711.64,140
3283,10:06:19,3710.2,100
3284,10:06:19,3711.1,100
3285,10:06:12,3712.0,100
3286,10:06:08,3712.285,100
3287,10:06:07,3711.95,100
3288,10:06:07,3711.95,100
3289,10:06:02,3710.0,100
3290,10:05:55,3711.52,100
3291,10:05:53,3710.88,100
3292,10:05:53,3713.14,100
3293,10:05:44,3712.64,100
3294,10:05:44,3712.06,100
3295,10:05:41,3710.995,100
3296,10:05:41,3711.5937,100
3297,10:05:41,3711.5937,100
3298,10:05:41,3711.5937,100
3299,10:05:41,3711.5937,100
3300,10:05:41,3711.5937,100
3301,10:05:41,3711.1,100
3302,10:05:41,3711.02,100
3303,10:05:40,3711.18,100
3304,10:05:36,3712.11,100
3305,10:05:36,3712.115,100
3306,10:05:36,3712.11,100
3307,10:05:36,3711.53,100
3308,10:05:36,3711.61,100
3309,10:05:34,3710.875,100
3310,10:05:34,3710.875,100
3311,10:05:30,3711.1184,100
3312,10:05:30,3711.1184,100
3313,10:05:30,3711.1184,112
3314,10:05:30,3711.1,100
3315,10:05:30,3711.1,112
3316,10:05:26,3711.6,100
3317,10:05:23,3712.415,100
3318,10:05:23,3713.49,100
3319,10:05:15,3712.6872,101
3320,10:05:15,3711.59,100
3321,10:05:13,3714.5525,100
3322,10:05:12,3714.0999,100
3323,10:05:10,3713.89,200
3324,10:05:09,3714.2,100
3325,10:05:05,3714.8799,100
3326,10:04:59,3714.0,253
3327,10:04:47,3715.03,100
3328,10:04:44,3715.38,100
3329,10:04:42,3715.335,100
3330,10:04:39,3715.72,100
3331,10:04:34,3715.39,100
3332,10:04:20,3716.5699,100
3333,10:04:11,3714.7035,100
3334,10:04:11,3715.39,100
3335,10:04:11,3715.42,190
3336,10:04:09,3713.47,100
3337,10:04:07,3714.03,100
3338,10:04:07,3714.03,100
3339,10:04:07,3715.08,200
3340,10:04:03,3714.03,100
3341,10:04:03,3715.0,100
3342,10:04:03,3715.42,100
3343,10:04:03,3715.22,100
3344,10:03:58,3718.34,100
3345,10:03:48,3718.77,100
3346,10:03:48,3719.17,100
3347,10:03:47,3718.75,100
3348,10:03:43,3718.97,100
3349,10:03:43,3718.37,100
3350,10:03:28,3717.42,100
3351,10:03:23,3718.15,100
3352,10:03:07,3719.25,100
3353,10:03:02,3719.99,100
3354,10:03:01,3719.41,100
3355,10:03:01,3719.55,100
3356,10:02:59,3719.385,100
3357,10:02:58,3720.06,100
3358,10:02:50,3720.3085,100
3359,10:02:49,3721.605,100
3360,10:02:49,3721.605,100
3361,10:02:39,3718.78,100
3362,10:02:36,3720.05,100
3363,10:02:36,3720.06,100
3364,10:02:36,3721.14,100
3365,10:02:34,3720.39,100
3366,10:02:30,3720.46,100
3367,10:02:24,3718.41,100
3368,10:02:07,3716.91,1000
3369,10:01:57,3718.6048,100
3370,10:01:55,3718.59,100
3371,10:01:55,3717.255,100
3372,10:01:53,3715.21,100
3373,10:01:53,3715.1101,300
3374,10:01:51,3716.12,100
3375,10:01:50,3716.12,100
3376,10:01:50,3716.0,100
3377,10:01:49,3716.755,100
3378,10:01:46,3716.24,100
3379,10:01:45,3716.2281,226
3380,10:01:44,3716.73,100
3381,10:01:44,3716.71,130
3382,10:01:41,3717.65,300
3383,10:01:40,3717.65,100
3384,10:01:37,3718.5287,192
3385,10:01:36,3718.5586,100
3386,10:01:34,3718.27,100
3387,10:01:33,3718.39,119
3388,10:01:33,3718.098,100
3389,10:01:32,3717.05,100
3390,10:01:31,3717.19,100
3391,10:01:31,3717.0,997
3392,10:01:31,3717.47,100
3393,10:01:23,3719.74,100
3394,10:01:22,3719.8279,100
3395,10:01:12,3719.4,100
3396,10:01:11,3719.05,100
3397,10:01:11,3719.05,100
3398,10:01:11,3720.67,100
3399,10:01:05,3722.0175,100
3400,10:01:04,3722.02,100
3401,10:00:51,3727.7863,100
3402,10:00:47,3725.49,100
3403,10:00:34,3724.43,100
3404,10:00:34,3725.62,100
3405,10:00:34,3725.6,100
3406,10:00:23,3724.74,100
3407,10:00:19,3726.015,200
3408,10:00:18,3725.65,100
3409,10:00:16,3724.33,100
3410,10:00:16,3725.69,100
3411,10:00:15,3725.6401,100
3412,10:00:15,3727.505,100
3413,10:00:05,3727.0,100
3414,10:00:04,3728.495,100
3415,10:00:02,3728.5722,100
3416,10:00:01,3728.4,100
3417,10:59:59,3715.0001,100
3418,10:59:59,3715.11,100
3419,10:59:55,3716.1,100
3420,10:59:53,3715.7801,280
3421,10:59:50,3717.01,200
3422,10:59:49,3717.035,100
3423,10:59:47,3718.93,100
3424,10:59:46,3719.3855,200
3425,10:59:40,3718.5,100
3426,10:59:37,3719.0,100
3427,10:59:37,3719.21,100
3428,10:59:37,3719.045,100
3429,10:59:25,3720.56,100
3430,10:59:23,3722.76,100
3431,10:59:00,3720.17,100
3432,10:58:30,3718.82,100
3433,10:58:28,3720.09,200
3434,10:58:28,3719.02,100
3435,10:58:27,3719.1068,200
3436,10:58:20,3719.385,100
3437,10:58:13,3720.37,100
3438,10:58:10,3720.525,100
3439,10:58:06,3720.32,100
3440,10:58:06,3721.97,100
3441,10:58:06,3721.45,100
3442,10:57:23,3723.42,100
3443,10:57:17,3723.67,100
3444,10:57:03,3723.376,100
3445,10:56:57,3722.795,100
3446,10:56:56,3723.29,100
3447,10:56:54,3723.2,100
3448,10:56:47,3724.33,100
3449,10:56:47,3724.4,100
3450,10:56:40,3723.01,200
3451,10:56:27,3724.0436,100
3452,10:56:25,3723.4517,306
3453,10:56:17,3722.4425,100
3454,10:56:11,3722.88,100
3455,10:56:11,3722.88,100
3456,10:56:03,3722.335,100
3457,10:54:59,3720.705,100
3458,10:54:59,3720.705,100
3459,10:54:58,3720.58,100
3460,10:54:58,3720.58,100
3461,10:54:58,3720.585,100
3462,10:54:57,3722.67,100
3463,10:54:57,3722.665,100
3464,10:54:57,3722.12,133
3465,10:54:57,3722.12,100
3466,10:54:40,3723.0,100
3467,10:54:39,3723.0,200
3468,10:54:39,3723.11,100
3469,10:54:29,3722.07,100
3470,10:54:29,3722.51,100
3471,10:54:29,3722.045,100
3472,10:54:18,3722.0963,200
3473,10:53:58,3720.48,100
3474,10:53:42,3721.475,300
3475,10:53:38,3719.05,100
3476,10:53:38,3719.32,100
3477,10:53:03,3718.01,499
3478,10:52:53,3719.535,100
3479,10:52:47,3718.9101,125
3480,10:52:45,3718.07,100
3481,10:52:44,3720.1,100
3482,10:52:42,3720.84,500
3483,10:52:40,3720.1,100
3484,10:52:39,3720.1,100
3485,10:52:38,3720.2025,125
3486,10:52:33,3719.86,100
3487,10:52:32,3719.88,100
3488,10:52:31,3721.24,100
3489,10:52:31,3721.23,120
3490,10:52:20,3720.58,100
3491,10:51:53,3722.28,100
3492,10:51:43,3721.5473,166
3493,10:51:37,3720.6621,100
3494,10:51:35,3722.2699,280
3495,10:51:33,3722.52,100
3496,10:51:32,3721.775,200
3497,10:51:31,3722.18,100
3498,10:51:31,3722.145,603
3499,10:51:31,3721.44,100
3500,10:51:28,3722.1177,218
3501,10:51:27,3722.61,100
3502,10:51:23,3721.46,100
3503,10:51:21,3721.17,100
3504,10:51:07,3719.839,124
3505,10:51:03,3719.99,200
3506,10:51:03,3718.96,100
3507,10:51:03,3718.93,100
3508,10:51:03,3718.95,100
3509,10:50:44,3718.59,100
3510,10:50:21,3718.3345,100
3511,10:50:13,3716.8251,120
3512,10:50:12,3717.2,200
3513,10:50:00,3718.09,100
3514,10:50:00,3717.72,100
3515,10:49:46,3719.65,100
3516,10:49:36,3715.45,100
3517,10:49:34,3715.97,100
3518,10:49:34,3714.44,100
3519,10:49:20,3713.3165,150
3520,10:49:03,3715.8425,100
3521,10:48:56,3716.03,100
3522,10:48:35,3716.49,100
3523,10:48:34,3714.9601,277
3524,10:48:25,3716.43,100
3525,10:48:23,3716.25,100
3526,10:48:18,3716.3,100
3527,10:48:18,3716.725,100
3528,10:48:17,3716.385,150
3529,10:48:07,3718.79,100
3530,10:47:55,3718.8177,100
3531,10:47:15,3718.385,100
3532,10:46:25,3714.315,100
3533,10:46:25,3714.83,200
3534,10:46:09,3713.59,100
3535,10:46:08,3713.6653,100
3536,10:45:33,3715.96,100
3537,10:45:32,3715.95,100
3538,10:44:47,3718.12,100
3539,10:44:40,3718.54,100
3540,10:44:06,3719.01,100
3541,10:43:49,3719.21,100
3542,10:42:54,3714.95,157
3543,10:42:25,3715.4499,180
3544,10:42:11,3715.62,100
3545,10:42:00,3715.1584,300
3546,10:41:51,3717.15,100
3547,10:41:50,3716.46,100
3548,10:41:42,3716.65,100
3549,10:41:38,3717.4,100
3550,10:41:16,3714.71,100
3551,10:41:14,3715.73,100
3552,10:40:56,3714.605,100
3553,10:40:30,3714.881,250
3554,10:40:28,3714.4839,142
3555,10:40:27,3714.23,100
3556,10:40:27,3714.23,100
3557,10:40:21,3713.3,100
3558,10:40:17,3712.35,100
3559,10:40:16,3712.49,100
3560,10:40:15,3713.23,100
3561,10:40:15,3712.59,100
3562,10:40:14,3714.32,100
3563,10:40:09,3714.3,100
3564,10:40:09,3715.195,300
3565,10:40:08,3714.42,100
3566,10:40:07,3716.355,297
3567,10:40:01,3713.43,100
3568,10:39:48,3716.8756,150
3569,10:39:40,3717.24,100
3570,10:39:40,3717.22,100
3571,10:39:34,3717.185,100
3572,10:39:27,3718.465,100
3573,10:39:26,3716.39,100
3574,10:39:26,3717.49,100
3575,10:39:26,3717.49,400
3576,10:39:24,3717.6,100
3577,10:39:22,3718.775,100
3578,10:39:22,3717.55,100
3579,10:39:16,3718.005,100
3580,10:39:11,3716.454,100
3581,10:39:11,3718.35,100
3582,10:39:11,3718.35,100
3583,10:39:09,3718.46,100
3584,10:39:09,3719.13,100
3585,10:39:03,3720.0,100
3586,10:38:49,3720.91,100
3587,10:38:37,3720.79,100
3588,10:38:37,3719.98,100
3589,10:38:37,3719.98,200
3590,10:38:28,3719.965,100
3591,10:38:23,3719.495,100
3592,10:38:22,3719.1363,200
3593,10:38:19,3719.1194,100
3594,10:38:14,3719.02,100
3595,10:38:06,3720.0,100
3596,10:38:00,3721.7,100
3597,10:37:50,3721.835,100
3598,10:37:47,3721.44,100
3599,10:37:24,3721.48,100
3600,10:37:24,3721.48,100
3601,10:37:19,3721.485,100
3602,10:37:18,3723.6448,244
3603,10:37:10,3723.525,100
3604,10:37:08,3723.99,100
3605,10:37:08,3722.92,265
3606,10:37:02,3722.51,100
3607,10:37:02,3722.505,100
3608,10:36:41,3720.61,100
3609,10:36:31,3722.2808,100
3610,10:36:26,3723.0,100
3611,10:36:17,3720.0,228
3612,10:36:14,3719.31,100
3613,10:36:10,3719.525,100
3614,10:36:04,3718.47,100
3615,10:36:04,3719.776,100
3616,10:36:02,3719.585,1000
3617,10:35:51,3721.12,100
3618,10:35:46,3721.64,200
3619,10:35:45,3721.76,100
3620,10:35:43,3721.31,100
3621,10:35:42,3720.615,100
3622,10:35:39,3721.73,500
3623,10:35:36,3721.31,100
3624,10:35:35,3722.225,100
3625,10:35:34,3723.14,100
3626,10:35:34,3723.32,100
3627,10:35:34,3723.2,100
3628,10:35:34,3723.05,100
3629,10:35:34,3722.0,100
3630,10:35:33,3721.3253,400
3631,10:35:33,3721.8,100
3632,10:35:33,3722.225,100
3633,10:35:33,3720.9601,100
3634,10:35:33,3722.71,100
3635,10:35:27,3723.255,100
3636,10:35:24,3722.93,100
3637,10:35:24,3722.565,100
3638,10:35:24,3722.565,100
3639,10:35:23,3722.14,100
3640,10:35:20,3721.99,100
3641,10:35:14,3720.805,100
3642,10:35:13,3720.94,200
3643,10:35:08,3720.93,100
3644,10:35:06,3721.82,100
3645,10:35:06,3721.245,100
3646,10:35:05,3721.74,100
3647,10:35:04,3721.75,498
3648,10:35:04,3721.74,100
3649,10:35:04,3720.81,100
3650,10:34:57,3720.81,100
3651,10:34:57,3720.82,100
3652,10:34:57,3720.82,100
3653,10:34:52,3720.275,100
3654,10:34:48,3720.51,100
3655,10:34:22,3719.15,100
3656,10:34:21,3719.64,100
3657,10:34:18,3720.1619,100
3658,10:34:17,3719.705,100
3659,10:34:11,3720.45,100
3660,10:34:10,3720.0833,268
3661,10:34:08,3720.125,100
3662,10:34:07,3720.01,100
3663,10:34:03,3718.99,100
3664,10:34:01,3719.73,100
3665,10:34:01,3719.285,100
3666,10:33:55,3719.12,100
3667,10:33:39,3718.3913,180
3668,10:33:29,3717.525,100
3669,10:33:17,3716.76,100
3670,10:33:16,3717.12,100
3671,10:33:13,3716.76,100
3672,10:33:11,3716.51,1000
3673,10:33:08,3716.63,300
3674,10:33:06,3716.23,100
3675,10:33:06,3716.67,100
3676,10:33:06,3716.22,100
3677,10:33:06,3716.22,100
3678,10:33:05,3716.29,100
3679,10:33:01,3717.09,100
3680,10:33:01,3716.8813,1000
3681,10:32:41,3717.115,100
3682,10:32:38,3717.765,200
3683,10:32:37,3717.77,100
3684,10:32:37,3717.77,100
3685,10:32:37,3718.0,100
3686,10:32:37,3718.02,100
3687,10:32:37,3717.765,800
3688,10:32:37,3717.66,100
3689,10:32:37,3717.68,100
3690,10:32:33,3717.95,100
3691,10:32:33,3717.27,192
3692,10:32:21,3717.25,100
3693,10:32:16,3717.0,100
3694,10:32:12,3716.125,300
3695,10:32:11,3716.5625,100
3696,10:32:09,3716.12,100
3697,10:31:51,3715.736,300
3698,10:31:48,3714.71,100
3699,10:31:41,3714.65,100
3700,10:31:40,3713.98,100
3701,10:31:34,3714.45,100
3702,10:31:12,3713.4,100
3703,10:31:12,3712.04,100
3704,10:31:12,3712.0401,100
3705,10:31:10,3714.56,100
3706,10:30:58,3715.07,100
3707,10:30:57,3716.01,100
3708,10:30:49,3717.01,100
3709,10:30:49,3717.47,100
3710,10:30:48,3716.47,100
3711,10:30:48,3716.2725,100
3712,10:30:48,3716.47,100
3713,10:30:48,3716.21,100
3714,10:30:48,3716.51,100
3715,10:30:48,3716.51,100
3716,10:30:48,3716.505,100
3717,10:30:45,3715.0001,400
3718,10:30:31,3718.0,100
3719,10:30:31,3718.0,100
3720,10:30:07,3716.17,100
3721,11:29:57,3712.468,100
3722,11:29:39,3711.08,100
3723,11:29:03,3712.045,100
3724,11:28:59,3712.045,100
3725,11:28:15,3714.18,300
3726,11:28:01,3714.2801,300
3727,11:28:00,3714.28,100
3728,11:28:00,3714.615,100
3729,11:27:54,3714.42,100
3730,11:27:52,3713.87,168
3731,11:27:45,3712.94,100
3732,11:27:30,3713.09,100
3733,11:27:30,3713.1,100
3734,11:27:24,3711.59,100
3735,11:27:24,3711.81,100
3736,11:27:24,3711.6,100
3737,11:27:21,3711.55,279
3738,11:27:13,3713.4,200
3739,11:27:13,3713.395,100
3740,11:27:13,3713.31,100
3741,11:27:13,3713.31,100
3742,11:27:13,3713.315,100
3743,11:27:13,3713.31,100
3744,11:27:13,3713.39,100
3745,11:27:13,3713.18,100
3746,11:27:13,3713.22,100
3747,11:27:04,3712.4227,100
3748,11:27:03,3712.22,100
3749,11:27:03,3712.12,100
3750,11:27:03,3712.6652,100
3751,11:27:02,3713.0,475
3752,11:26:59,3713.495,200
3753,11:26:49,3713.0909,200
3754,11:26:46,3712.7175,100
3755,11:26:31,3712.96,100
3756,11:26:31,3712.97,100
3757,11:26:31,3714.21,100
3758,11:26:31,3712.84,100
3759,11:26:31,3712.99,100
3760,11:26:30,3712.4,200
3761,11:26:09,3711.49,100
3762,11:25:59,3711.19,100
3763,11:25:55,3711.145,200
3764,11:25:55,3712.59,100
3765,11:25:45,3712.0,200
3766,11:25:45,3712.0,100
3767,11:25:44,3710.99,100
3768,11:25:42,3710.32,102
3769,11:25:42,3710.32,100
3770,11:25:18,3709.73,100
3771,11:25:18,3709.655,100
3772,11:25:18,3710.005,100
3773,11:24:57,3708.85,200
3774,11:24:57,3708.805,100
3775,11:24:57,3708.765,100
3776,11:24:57,3708.845,100
3777,11:24:57,3708.635,100
3778,11:24:57,3708.605,100
3779,11:24:56,3708.62,100
3780,11:24:42,3708.755,100
3781,11:24:41,3708.5047,100
3782,11:24:41,3708.755,100
3783,11:24:33,3708.245,100
3784,11:24:33,3708.095,100
3785,11:24:33,3708.245,100
3786,11:24:33,3708.26,100
3787,11:24:33,3707.88,100
3788,11:24:33,3708.22,100
3789,11:24:33,3707.5363,905
3790,11:24:31,3707.02,100
3791,11:24:31,3707.0,100
3792,11:24:29,3707.77,100
3793,11:24:29,3707.61,100
3794,11:24:29,3707.945,100
3795,11:24:28,3707.885,100
3796,11:24:27,3707.885,100
3797,11:24:17,3708.57,100
3798,11:24:10,3710.05,100
3799,11:24:10,3710.05,119
3800,11:24:10,3709.14,100
3801,11:24:10,3709.75,100
3802,11:24:10,3709.75,100
3803,11:23:42,3709.77,100
3804,11:23:15,3711.4325,116
3805,11:23:12,3710.71,200
3806,11:23:09,3709.6921,200
3807,11:23:08,3709.79,100
3808,11:23:04,3710.12,100
3809,11:23:04,3710.0,100
3810,11:23:04,3710.0,300
3811,11:23:01,3710.366,200
3812,11:22:56,3710.52,308
3813,11:22:54,3711.075,100
3814,11:22:53,3711.425,116
3815,11:22:53,3712.0,147
3816,11:22:53,3712.0,100
3817,11:22:50,3712.19,100
3818,11:22:40,3713.53,250
3819,11:22:22,3712.03,100
3820,11:22:22,3713.0,100
3821,11:22:22,3714.0,135
3822,11:22:22,3714.0,555
3823,11:22:22,3714.08,100
3824,11:22:22,3714.0,300
3825,11:22:22,3714.29,150
3826,11:22:16,3715.0,100
3827,11:22:16,3715.0,100
3828,11:22:02,3715.2978,100
3829,11:21:45,3715.23,100
3830,11:21:42,3716.71,100
3831,11:21:40,3716.71,100
3832,11:21:13,3716.0,100
3833,11:21:07,3716.04,100
3834,11:21:07,3715.27,100
3835,11:20:36,3718.17,100
3836,11:20:36,3718.16,100
3837,11:20:12,3718.875,100
3838,11:19:48,3718.71,100
3839,11:19:00,3717.865,100
3840,11:18:58,3717.21,100
3841,11:18:35,3717.97,100
3842,11:17:56,3718.7299,100
3843,11:17:39,3718.555,100
3844,11:17:23,3718.79,100
3845,11:17:23,3718.79,100
3846,11:17:23,3718.79,100
3847,11:17:18,3717.91,100
3848,11:16:50,3717.4925,100
3849,11:16:24,3716.8675,100
3850,11:16:24,3716.8675,100
3851,11:16:24,3717.42,100
3852,11:16:24,3717.42,100
3853,11:16:22,3717.7951,112
3854,11:15:59,3716.0,100
3855,11:15:14,3715.44,100
3856,11:15:02,3715.055,100
3857,11:15:00,3715.545,100
3858,11:14:54,3715.32,100
3859,11:14:43,3715.81,100
3860,11:14:43,3715.81,100
3861,11:14:43,3715.38,100
3862,11:14:13,3715.3068,100
3863,11:13:44,3716.0,118
3864,11:13:44,3716.0,100
3865,11:13:35,3716.04,100
3866,11:13:32,3715.8456,100
3867,11:13:22,3715.015,100
3868,11:13:21,3716.13,100
3869,11:13:21,3716.13,100
3870,11:13:13,3716.14,100
3871,11:12:57,3715.904,100
3872,11:12:54,3715.365,100
3873,11:12:53,3715.16,100
3874,11:12:53,3715.365,100
3875,11:12:53,3715.0948,100
3876,11:12:37,3717.74,100
3877,11:12:36,3716.54,100
3878,11:12:35,3717.22,200
3879,11:12:35,3717.22,100
3880,11:12:34,3717.225,100
3881,11:12:34,3718.41,158
3882,11:12:34,3718.415,100
3883,11:12:34,3718.415,200
3884,11:12:27,3717.68,100
3885,11:12:25,3718.0,100
3886,11:12:24,3717.85,125
3887,11:12:24,3717.81,100
3888,11:12:21,3717.2,100
3889,11:12:09,3717.15,100
3890,11:11:55,3717.01,100
3891,11:11:07,3718.78,100
3892,11:10:46,3719.325,200
3893,11:10:45,3718.72,100
3894,11:10:27,3720.145,100
3895,11:10:27,3720.145,100
3896,11:10:15,3720.01,100
3897,11:10:14,3720.06,560
3898,11:10:14,3720.0,100
3899,11:10:14,3720.0,100
3900,11:10:09,3720.255,100
3901,11:10:09,3720.66,100
3902,11:10:09,3720.255,100
3903,11:10:07,3720.0,100
3904,11:10:07,3719.98,200
3905,11:10:07,3720.0,171
3906,11:10:02,3719.31,100
3907,11:09:50,3718.7214,100
3908,11:09:48,3719.1977,1298
3909,11:09:48,3718.67,100
3910,11:09:48,3718.65,100
3911,11:09:17,3719.98,100
3912,11:09:14,3718.2916,271
3913,11:09:13,3719.046,100
3914,11:09:09,3719.45,100
3915,11:09:08,3718.9,100
3916,11:08:55,3718.0,300
3917,11:08:41,3719.4599,100
3918,11:08:36,3719.14,274
3919,11:08:36,3718.75,100
3920,11:08:36,3719.0,100
3921,11:08:24,3719.5465,100
3922,11:08:01,3720.08,100
3923,11:08:01,3719.82,100
3924,11:08:01,3720.0,100
3925,11:08:01,3720.0,100
3926,11:08:01,3720.62,100
3927,11:08:01,3720.01,100
3928,11:07:50,3721.245,100
3929,11:07:50,3720.66,100
3930,11:07:24,3721.97,100
3931,11:07:17,3721.51,100
3932,11:07:17,3721.85,100
3933,11:07:17,3721.51,100
3934,11:07:17,3721.515,100
3935,11:07:16,3722.62,100
3936,11:06:43,3721.6975,100
3937,11:06:43,3721.575,100
3938,11:06:43,3721.57,100
3939,11:06:43,3721.575,100
3940,11:06:43,3722.505,100
3941,11:06:35,3721.8,100
3942,11:06:09,3719.91,100
3943,11:05:58,3720.11,100
3944,11:05:35,3719.365,200
3945,11:05:28,3719.03,100
3946,11:05:28,3719.03,100
3947,11:05:14,3721.375,600
3948,11:05:14,3719.654,100
3949,11:05:14,3719.62,100
3950,11:05:14,3719.63,100
3951,11:05:14,3719.68,100
3952,11:04:55,3719.4841,120
3953,11:04:42,3720.28,100
3954,11:03:18,3722.1207,100
3955,11:03:14,3720.94,130
3956,11:03:05,3720.18,100
3957,11:03:05,3720.25,100
3958,11:03:01,3719.9,100
3959,11:02:53,3718.8,100
3960,11:02:13,3718.36,100
3961,11:02:03,3717.4396,307
3962,11:02:03,3717.695,100
3963,11:01:41,3718.37,185
3964,11:01:34,3718.28,100
3965,11:01:34,3718.295,100
3966,11:01:33,3716.72,100
3967,11:01:32,3719.235,100
3968,11:01:20,3717.6487,100
3969,11:00:54,3718.3609,142
3970,11:00:41,3715.6117,200
3971,11:00:33,3716.79,100
3972,11:00:32,3716.8,100
3973,11:00:29,3716.21,161
3974,11:00:23,3715.8,100
3975,11:00:23,3715.52,100
3976,11:00:21,3715.39,200
3977,11:00:17,3715.325,100
3978,11:00:16,3715.75,100
3979,11:00:10,3714.96,100
3980,11:00:04,3714.2026,307
3981,11:00:02,3714.99,100
3982,11:00:02,3715.0,100
3983,11:00:02,3715.085,100
3984,11:59:59,3705.6945,100
3985,11:59:53,3706.855,100
3986,11:59:39,3707.24,100
3987,11:59:21,3708.01,100
3988,11:59:01,3708.01,100
3989,11:58:13,3707.67,100
3990,11:58:01,3707.77,200
3991,11:57:08,3707.83,100
3992,11:57:00,3707.5,100
3993,11:57:00,3707.71,100
3994,11:57:00,3707.5,100
