,NLS Time (ET),NLS Price,NLS Share Volume
0,09:59:59,3233.0065,119
1,09:59:54,3231.53,400
2,09:59:52,3231.53,100
3,09:59:51,3231.535,100
4,09:59:51,3231.535,100
5,09:59:50,3231.45,100
6,09:59:47,3232.2,100
7,09:59:44,3233.574,529
8,09:59:44,3233.26,294
9,09:59:44,3232.04,100
10,09:59:44,3231.31,100
11,09:59:43,3231.235,800
12,09:59:43,3229.365,100
13,09:59:43,3229.7,100
14,09:59:41,3229.03,119
15,09:59:41,3228.34,100
16,09:59:41,3228.78,100
17,09:59:41,3228.4,100
18,09:59:41,3228.13,100
19,09:59:41,3228.4,100
20,09:59:41,3228.42,100
21,09:59:41,3228.27,100
22,09:59:40,3227.05,100
23,09:59:40,3229.5499,1000
24,09:59:39,3228.806,1000
25,09:59:37,3227.65,100
26,09:59:35,3229.0184,100
27,09:59:33,3228.06,100
28,09:59:31,3228.89,100
29,09:59:31,3229.04,100
30,09:59:30,3230.2,100
31,09:59:29,3230.85,200
32,09:59:21,3231.75,100
33,09:59:21,3231.75,100
34,09:59:21,3231.61,200
35,09:59:17,3232.76,200
36,09:59:14,3232.235,200
37,09:59:14,3232.0,100
38,09:59:13,3233.97,108
39,09:59:13,3233.97,254
40,09:59:41,3228.42,100
41,09:59:41,3228.27,100
42,09:59:40,3227.05,100
43,09:59:40,3229.5499,1000
44,09:59:39,3228.806,1000
45,09:59:37,3227.65,100
46,09:59:35,3229.0184,100
47,09:59:33,3228.06,100
48,09:59:31,3228.89,100
49,09:59:31,3229.04,100
50,09:59:30,3230.2,100
51,09:59:29,3230.85,200
52,09:59:21,3231.75,100
53,09:59:21,3231.75,100
54,09:59:21,3231.61,200
55,09:59:17,3232.76,200
56,09:59:14,3232.235,200
57,09:59:14,3232.0,100
58,09:59:13,3233.97,108
59,09:59:13,3233.97,254
60,09:59:13,3233.97,469
61,09:59:13,3233.54,100
62,09:59:13,3234.73,1000
63,09:59:12,3232.8674,1000
64,09:59:08,3234.31,100
65,09:59:05,3235.72,100
66,09:59:03,3235.37,119
67,09:59:03,3234.4001,500
68,09:59:01,3235.37,100
69,09:59:01,3236.1,100
70,09:59:00,3235.695,100
71,09:59:00,3237.01,100
72,09:59:00,3236.85,100
73,09:58:53,3236.135,100
74,09:58:53,3236.135,100
75,09:58:45,3236.005,100
76,09:58:45,3235.99,100
77,09:58:45,3237.01,100
78,09:58:45,3237.505,100
79,09:58:43,3237.835,198
80,09:59:13,3233.97,469
81,09:59:13,3233.54,100
82,09:59:13,3234.73,1000
83,09:59:12,3232.8674,1000
84,09:59:08,3234.31,100
85,09:59:05,3235.72,100
86,09:59:03,3235.37,119
87,09:59:03,3234.4001,500
88,09:59:01,3235.37,100
89,09:59:01,3236.1,100
90,09:59:00,3235.695,100
91,09:59:00,3237.01,100
92,09:59:00,3236.85,100
93,09:58:53,3236.135,100
94,09:58:53,3236.135,100
95,09:58:45,3236.005,100
96,09:58:45,3235.99,100
97,09:58:45,3237.01,100
98,09:58:45,3237.505,100
99,09:58:43,3237.835,198
100,09:58:42,3237.17,100
101,09:58:40,3237.845,100
102,09:58:39,3237.01,100
103,09:58:39,3237.33,100
104,09:58:39,3237.33,100
105,09:58:38,3237.03,100
106,09:58:37,3238.73,100
107,09:58:35,3237.965,100
108,09:58:35,3238.71,100
109,09:58:33,3237.1858,223
110,09:58:33,3237.1858,209
111,09:58:33,3237.45,100
112,09:58:33,3238.66,100
113,09:58:32,3237.525,200
114,09:58:30,3237.06,100
115,09:58:30,3236.675,100
116,09:58:29,3236.5,100
117,09:58:28,3235.49,100
118,09:58:28,3235.49,100
119,09:58:28,3235.49,100
120,09:58:42,3237.17,100
121,09:58:40,3237.845,100
122,09:58:39,3237.01,100
123,09:58:39,3237.33,100
124,09:58:39,3237.33,100
125,09:58:38,3237.03,100
126,09:58:37,3238.73,100
127,09:58:35,3237.965,100
128,09:58:35,3238.71,100
129,09:58:33,3237.1858,223
130,09:58:33,3237.1858,209
131,09:58:33,3237.45,100
132,09:58:33,3238.66,100
133,09:58:32,3237.525,200
134,09:58:30,3237.06,100
135,09:58:30,3236.675,100
136,09:58:29,3236.5,100
137,09:58:28,3235.49,100
138,09:58:28,3235.49,100
139,09:58:28,3235.49,100
140,09:58:28,3235.34,138
141,09:58:28,3234.67,100
142,09:58:28,3234.63,100
143,09:58:27,3233.66,100
144,09:58:27,3234.0,100
145,09:58:27,3233.99,100
146,09:58:27,3233.99,100
147,09:58:27,3234.06,100
148,09:58:27,3233.91,100
149,09:58:27,3233.92,100
150,09:58:27,3234.42,100
151,09:58:27,3233.9,100
152,09:58:27,3234.4,100
153,09:58:27,3234.67,100
154,09:58:27,3234.67,100
155,09:58:27,3234.66,100
156,09:58:27,3234.56,100
157,09:58:27,3234.41,100
158,09:58:27,3234.49,100
159,09:58:26,3233.675,100
160,09:58:28,3235.34,138
161,09:58:28,3234.67,100
162,09:58:28,3234.63,100
163,09:58:27,3233.66,100
164,09:58:27,3234.0,100
165,09:58:27,3233.99,100
166,09:58:27,3233.99,100
167,09:58:27,3234.06,100
168,09:58:27,3233.91,100
169,09:58:27,3233.92,100
170,09:58:27,3234.42,100
171,09:58:27,3233.9,100
172,09:58:27,3234.4,100
173,09:58:27,3234.67,100
174,09:58:27,3234.67,100
175,09:58:27,3234.66,100
176,09:58:27,3234.56,100
177,09:58:27,3234.41,100
178,09:58:27,3234.49,100
179,09:58:26,3233.675,100
180,09:58:25,3233.69,1000
181,09:58:24,3234.5179,100
182,09:58:24,3234.1143,1000
183,09:58:21,3233.64,100
184,09:58:21,3233.38,100
185,09:58:21,3233.025,700
186,09:58:21,3233.32,100
187,09:58:21,3232.92,200
188,09:58:21,3232.87,100
189,09:58:20,3232.26,100
190,09:58:20,3232.12,200
191,09:58:20,3232.13,100
192,09:58:18,3231.49,200
193,09:58:13,3231.49,100
194,09:58:12,3230.43,100
195,09:58:12,3230.86,100
196,09:58:12,3230.87,100
197,09:58:12,3230.0,135
198,09:58:12,3230.0,100
199,09:58:11,3230.87,309
200,09:58:25,3233.69,1000
201,09:58:24,3234.5179,100
202,09:58:24,3234.1143,1000
203,09:58:21,3233.64,100
204,09:58:21,3233.38,100
205,09:58:21,3233.025,700
206,09:58:21,3233.32,100
207,09:58:21,3232.92,200
208,09:58:21,3232.87,100
209,09:58:20,3232.26,100
210,09:58:20,3232.12,200
211,09:58:20,3232.13,100
212,09:58:18,3231.49,200
213,09:58:13,3231.49,100
214,09:58:12,3230.43,100
215,09:58:12,3230.86,100
216,09:58:12,3230.87,100
217,09:58:12,3230.0,135
218,09:58:12,3230.0,100
219,09:58:11,3230.87,309
220,09:58:11,3230.129,127
221,09:58:11,3230.5,112
222,09:58:09,3230.57,200
223,09:58:08,3231.725,1000
224,09:58:08,3231.61,100
225,09:58:07,3231.1872,1000
226,09:58:07,3232.01,100
227,09:58:07,3232.0,100
228,09:58:06,3232.05,100
229,09:58:06,3232.31,100
230,09:58:05,3232.84,1000
231,09:58:03,3233.53,100
232,09:58:03,3233.2,200
233,09:58:00,3234.63,100
234,09:58:00,3233.01,100
235,09:58:00,3233.0,100
236,09:57:57,3233.76,100
237,09:57:55,3234.206,100
238,09:57:55,3234.206,100
239,09:57:55,3234.206,100
240,09:58:11,3230.129,127
241,09:58:11,3230.5,112
242,09:58:09,3230.57,200
243,09:58:08,3231.725,1000
244,09:58:08,3231.61,100
245,09:58:07,3231.1872,1000
246,09:58:07,3232.01,100
247,09:58:07,3232.0,100
248,09:58:06,3232.05,100
249,09:58:06,3232.31,100
250,09:58:05,3232.84,1000
251,09:58:03,3233.53,100
252,09:58:03,3233.2,200
253,09:58:00,3234.63,100
254,09:58:00,3233.01,100
255,09:58:00,3233.0,100
256,09:57:57,3233.76,100
257,09:57:55,3234.206,100
258,09:57:55,3234.206,100
259,09:57:55,3234.206,100
260,09:57:55,3234.206,100
261,09:57:55,3234.45,100
262,09:57:55,3234.64,100
263,09:57:55,3234.206,100
264,09:57:55,3234.36,1000
265,09:57:54,3235.1057,664
266,09:57:54,3234.92,100
267,09:57:54,3235.4,100
268,09:57:54,3234.9,100
269,09:57:54,3235.42,100
270,09:57:48,3234.75,300
271,09:57:47,3235.735,100
272,09:57:45,3234.945,100
273,09:57:44,3236.195,100
274,09:57:41,3237.45,100
275,09:57:41,3237.54,100
276,09:57:41,3238.0001,614
277,09:57:40,3238.5,748
278,09:57:40,3238.69,100
279,09:57:40,3238.65,100
280,09:57:55,3234.206,100
281,09:57:55,3234.45,100
282,09:57:55,3234.64,100
283,09:57:55,3234.206,100
284,09:57:55,3234.36,1000
285,09:57:54,3235.1057,664
286,09:57:54,3234.92,100
287,09:57:54,3235.4,100
288,09:57:54,3234.9,100
289,09:57:54,3235.42,100
290,09:57:48,3234.75,300
291,09:57:47,3235.735,100
292,09:57:45,3234.945,100
293,09:57:44,3236.195,100
294,09:57:41,3237.45,100
295,09:57:41,3237.54,100
296,09:57:41,3238.0001,614
297,09:57:40,3238.5,748
298,09:57:40,3238.69,100
299,09:57:40,3238.65,100
300,09:57:40,3238.15,100
301,09:57:39,3238.76,100
302,09:57:39,3237.805,100
303,09:57:38,3237.7647,100
304,09:57:34,3237.06,200
305,09:57:34,3236.13,100
306,09:57:34,3236.14,100
307,09:57:34,3236.15,100
308,09:57:32,3236.07,100
309,09:57:31,3235.97,100
310,09:57:25,3234.9416,500
311,09:57:21,3234.18,200
312,09:57:21,3235.21,100
313,09:57:20,3235.97,150
314,09:57:20,3236.8,100
315,09:57:20,3238.38,100
316,09:57:17,3237.96,200
317,09:57:15,3237.73,200
318,09:57:15,3237.61,200
319,09:57:15,3237.9,100
320,09:57:40,3238.15,100
321,09:57:39,3238.76,100
322,09:57:39,3237.805,100
323,09:57:38,3237.7647,100
324,09:57:34,3237.06,200
325,09:57:34,3236.13,100
326,09:57:34,3236.14,100
327,09:57:34,3236.15,100
328,09:57:32,3236.07,100
329,09:57:31,3235.97,100
330,09:57:25,3234.9416,500
331,09:57:21,3234.18,200
332,09:57:21,3235.21,100
333,09:57:20,3235.97,150
334,09:57:20,3236.8,100
335,09:57:20,3238.38,100
336,09:57:17,3237.96,200
337,09:57:15,3237.73,200
338,09:57:15,3237.61,200
339,09:57:15,3237.9,100
340,09:57:12,3235.81,200
341,09:57:11,3237.475,100
342,09:57:11,3237.485,100
343,09:57:08,3237.0,400
344,09:57:08,3236.715,100
345,09:57:07,3237.61,200
346,09:57:07,3237.61,100
347,09:57:07,3236.57,100
348,09:57:07,3237.28,200
349,09:57:07,3236.88,160
350,09:57:07,3237.27,200
351,09:57:07,3237.95,100
352,09:57:07,3236.875,100
353,09:57:07,3236.88,100
354,09:57:07,3236.875,100
355,09:57:07,3236.825,100
356,09:57:07,3236.88,100
357,09:57:07,3236.88,154
358,09:57:04,3235.6734,150
359,09:57:02,3235.54,100
360,09:57:12,3235.81,200
361,09:57:11,3237.475,100
362,09:57:11,3237.485,100
363,09:57:08,3237.0,400
364,09:57:08,3236.715,100
365,09:57:07,3237.61,200
366,09:57:07,3237.61,100
367,09:57:07,3236.57,100
368,09:57:07,3237.28,200
369,09:57:07,3236.88,160
370,09:57:07,3237.27,200
371,09:57:07,3237.95,100
372,09:57:07,3236.875,100
373,09:57:07,3236.88,100
374,09:57:07,3236.875,100
375,09:57:07,3236.825,100
376,09:57:07,3236.88,100
377,09:57:07,3236.88,154
378,09:57:04,3235.6734,150
379,09:57:02,3235.54,100
380,09:57:02,3235.64,100
381,09:56:59,3234.4425,100
382,09:56:58,3234.135,1000
383,09:56:58,3235.52,400
384,09:56:57,3234.135,100
385,09:56:57,3234.6299,487
386,09:56:57,3234.99,100
387,09:56:57,3235.49,100
388,09:56:54,3233.72,100
389,09:56:53,3233.96,100
390,09:56:53,3232.65,500
391,09:56:53,3232.1499,100
392,09:56:53,3232.29,200
393,09:56:53,3232.1,100
394,09:56:52,3231.642,100
395,09:56:52,3231.642,100
396,09:56:52,3231.642,100
397,09:56:52,3231.642,100
398,09:56:52,3231.642,100
399,09:56:52,3232.11,100
400,09:57:02,3235.64,100
401,09:56:59,3234.4425,100
402,09:56:58,3234.135,1000
403,09:56:58,3235.52,400
404,09:56:57,3234.135,100
405,09:56:57,3234.6299,487
406,09:56:57,3234.99,100
407,09:56:57,3235.49,100
408,09:56:54,3233.72,100
409,09:56:53,3233.96,100
410,09:56:53,3232.65,500
411,09:56:53,3232.1499,100
412,09:56:53,3232.29,200
413,09:56:53,3232.1,100
414,09:56:52,3231.642,100
415,09:56:52,3231.642,100
416,09:56:52,3231.642,100
417,09:56:52,3231.642,100
418,09:56:52,3231.642,100
419,09:56:52,3232.11,100
420,09:56:52,3232.01,100
421,09:56:52,3232.01,100
422,09:56:52,3232.16,100
423,09:56:52,3231.99,100
424,09:56:52,3231.642,100
425,09:56:50,3231.92,100
426,09:56:48,3231.735,100
427,09:56:47,3231.7638,500
428,09:56:43,3231.82,100
429,09:56:42,3231.045,100
430,09:56:41,3232.6799,100
431,09:56:41,3231.02,100
432,09:56:41,3231.0035,100
433,09:56:39,3231.845,100
434,09:56:37,3231.85,200
435,09:56:36,3231.01,100
436,09:56:35,3231.0,339
437,09:56:33,3231.17,200
438,09:56:32,3232.0,100
439,09:56:32,3232.02,100
440,09:56:52,3232.01,100
441,09:56:52,3232.01,100
442,09:56:52,3232.16,100
443,09:56:52,3231.99,100
444,09:56:52,3231.642,100
445,09:56:50,3231.92,100
446,09:56:48,3231.735,100
447,09:56:47,3231.7638,500
448,09:56:43,3231.82,100
449,09:56:42,3231.045,100
450,09:56:41,3232.6799,100
451,09:56:41,3231.02,100
452,09:56:41,3231.0035,100
453,09:56:39,3231.845,100
454,09:56:37,3231.85,200
455,09:56:36,3231.01,100
456,09:56:35,3231.0,339
457,09:56:33,3231.17,200
458,09:56:32,3232.0,100
459,09:56:32,3232.02,100
460,09:56:32,3232.15,100
461,09:56:31,3233.24,300
462,09:56:30,3235.315,100
463,09:56:30,3233.01,100
464,09:56:30,3233.76,100
465,09:56:29,3233.41,100
466,09:56:26,3234.24,100
467,09:56:19,3234.725,100
468,09:56:17,3235.375,100
469,09:56:17,3235.375,100
470,09:56:15,3235.95,1000
471,09:56:13,3235.95,125
472,09:56:13,3235.955,100
473,09:56:13,3235.13,100
474,09:56:13,3235.64,250
475,09:56:13,3232.69,100
476,09:56:13,3234.05,100
477,09:56:13,3234.06,100
478,09:56:13,3234.4401,100
479,09:56:13,3234.44,100
480,09:56:32,3232.15,100
481,09:56:31,3233.24,300
482,09:56:30,3235.315,100
483,09:56:30,3233.01,100
484,09:56:30,3233.76,100
485,09:56:29,3233.41,100
486,09:56:26,3234.24,100
487,09:56:19,3234.725,100
488,09:56:17,3235.375,100
489,09:56:17,3235.375,100
490,09:56:15,3235.95,1000
491,09:56:13,3235.95,125
492,09:56:13,3235.955,100
493,09:56:13,3235.13,100
494,09:56:13,3235.64,250
495,09:56:13,3232.69,100
496,09:56:13,3234.05,100
497,09:56:13,3234.06,100
498,09:56:13,3234.4401,100
499,09:56:13,3234.44,100
500,09:56:13,3234.43,100
501,09:56:12,3234.67,399
502,09:56:11,3235.1585,464
503,09:56:07,3235.735,1000
504,09:56:06,3235.745,100
505,09:56:06,3234.8499,1000
506,09:56:05,3235.745,1000
507,09:56:00,3237.6061,100
508,09:56:00,3237.52,100
509,09:56:00,3237.64,100
510,09:55:57,3238.27,100
511,09:55:51,3237.915,100
512,09:55:50,3236.76,100
513,09:55:50,3237.71,100
514,09:55:48,3236.275,100
515,09:55:41,3237.57,140
516,09:55:39,3236.5946,221
517,09:55:39,3236.75,100
518,09:55:39,3236.7,100
519,09:55:39,3236.78,100
520,09:56:13,3234.43,100
521,09:56:12,3234.67,399
522,09:56:11,3235.1585,464
523,09:56:07,3235.735,1000
524,09:56:06,3235.745,100
525,09:56:06,3234.8499,1000
526,09:56:05,3235.745,1000
527,09:56:00,3237.6061,100
528,09:56:00,3237.52,100
529,09:56:00,3237.64,100
530,09:55:57,3238.27,100
531,09:55:51,3237.915,100
532,09:55:50,3236.76,100
533,09:55:50,3237.71,100
534,09:55:48,3236.275,100
535,09:55:41,3237.57,140
536,09:55:39,3236.5946,221
537,09:55:39,3236.75,100
538,09:55:39,3236.7,100
539,09:55:39,3236.78,100
540,09:55:39,3237.3,100
541,09:55:39,3237.3,115
542,09:55:39,3237.2,100
543,09:55:39,3237.25,100
544,09:55:39,3236.495,1000
545,09:55:38,3235.715,1000
546,09:55:36,3235.8666,150
547,09:55:36,3235.835,100
548,09:55:31,3236.225,100
549,09:55:30,3236.98,100
550,09:55:27,3235.425,200
551,09:55:26,3237.04,100
552,09:55:26,3237.8234,1000
553,09:55:25,3236.92,100
554,09:55:25,3236.6,100
555,09:55:25,3235.21,100
556,09:55:25,3234.86,100
557,09:55:25,3234.858,100
558,09:55:25,3234.86,175
559,09:55:25,3234.05,157
560,09:55:39,3237.3,100
561,09:55:39,3237.3,115
562,09:55:39,3237.2,100
563,09:55:39,3237.25,100
564,09:55:39,3236.495,1000
565,09:55:38,3235.715,1000
566,09:55:36,3235.8666,150
567,09:55:36,3235.835,100
568,09:55:31,3236.225,100
569,09:55:30,3236.98,100
570,09:55:27,3235.425,200
571,09:55:26,3237.04,100
572,09:55:26,3237.8234,1000
573,09:55:25,3236.92,100
574,09:55:25,3236.6,100
575,09:55:25,3235.21,100
576,09:55:25,3234.86,100
577,09:55:25,3234.858,100
578,09:55:25,3234.86,175
579,09:55:25,3234.05,157
580,09:55:25,3234.05,100
581,09:55:25,3233.205,100
582,09:55:22,3234.05,100
583,09:55:21,3233.99,100
584,09:55:19,3233.93,200
585,09:55:17,3233.93,800
586,09:55:16,3233.95,100
587,09:55:16,3234.85,100
588,09:55:15,3234.48,100
589,09:55:14,3233.71,254
590,09:55:14,3232.98,177
591,09:55:11,3231.2854,100
592,09:55:08,3231.585,300
593,09:55:06,3232.6,100
594,09:55:01,3234.33,129
595,09:55:01,3233.5,164
596,09:55:01,3233.51,100
597,09:55:01,3233.01,100
598,09:55:00,3234.29,1000
599,09:54:59,3233.62,100
600,09:55:25,3234.05,100
601,09:55:25,3233.205,100
602,09:55:22,3234.05,100
603,09:55:21,3233.99,100
604,09:55:19,3233.93,200
605,09:55:17,3233.93,800
606,09:55:16,3233.95,100
607,09:55:16,3234.85,100
608,09:55:15,3234.48,100
609,09:55:14,3233.71,254
610,09:55:14,3232.98,177
611,09:55:11,3231.2854,100
612,09:55:08,3231.585,300
613,09:55:06,3232.6,100
614,09:55:01,3234.33,129
615,09:55:01,3233.5,164
616,09:55:01,3233.51,100
617,09:55:01,3233.01,100
618,09:55:00,3234.29,1000
619,09:54:59,3233.62,100
620,09:54:59,3233.62,100
621,09:54:59,3234.284,1000
622,09:54:54,3235.283,100
623,09:54:53,3235.9399,1000
624,09:54:52,3235.581,1000
625,09:54:52,3235.58,130
626,09:54:42,3235.22,100
627,09:54:40,3234.14,100
628,09:54:37,3233.27,100
629,09:54:37,3234.395,100
630,09:54:35,3234.085,100
631,09:54:35,3234.085,100
632,09:54:35,3234.0001,100
633,09:54:35,3234.0001,100
634,09:54:34,3234.7221,109
635,09:54:34,3234.7221,796
636,09:54:34,3234.44,100
637,09:54:34,3234.0001,1000
638,09:54:33,3236.2099,100
639,09:54:33,3235.39,309
640,09:54:59,3233.62,100
641,09:54:59,3234.284,1000
642,09:54:54,3235.283,100
643,09:54:53,3235.9399,1000
644,09:54:52,3235.581,1000
645,09:54:52,3235.58,130
646,09:54:42,3235.22,100
647,09:54:40,3234.14,100
648,09:54:37,3233.27,100
649,09:54:37,3234.395,100
650,09:54:35,3234.085,100
651,09:54:35,3234.085,100
652,09:54:35,3234.0001,100
653,09:54:35,3234.0001,100
654,09:54:34,3234.7221,109
655,09:54:34,3234.7221,796
656,09:54:34,3234.44,100
657,09:54:34,3234.0001,1000
658,09:54:33,3236.2099,100
659,09:54:33,3235.39,309
660,09:54:33,3235.51,100
661,09:54:33,3235.81,100
662,09:54:33,3235.81,100
663,09:54:33,3235.81,100
664,09:54:33,3235.31,100
665,09:54:29,3235.6567,100
666,09:54:28,3236.27,305
667,09:54:26,3237.0757,300
668,09:54:23,3237.0,238
669,09:54:23,3237.0,200
670,09:54:23,3237.17,100
671,09:54:23,3237.01,100
672,09:54:21,3237.26,156
673,09:54:21,3237.26,100
674,09:54:21,3237.25,200
675,09:54:21,3237.21,100
676,09:54:21,3237.21,100
677,09:54:17,3237.0341,150
678,09:54:13,3233.91,100
679,09:54:13,3234.32,100
680,09:54:33,3235.51,100
681,09:54:33,3235.81,100
682,09:54:33,3235.81,100
683,09:54:33,3235.81,100
684,09:54:33,3235.31,100
685,09:54:29,3235.6567,100
686,09:54:28,3236.27,305
687,09:54:26,3237.0757,300
688,09:54:23,3237.0,238
689,09:54:23,3237.0,200
690,09:54:23,3237.17,100
691,09:54:23,3237.01,100
692,09:54:21,3237.26,156
693,09:54:21,3237.26,100
694,09:54:21,3237.25,200
695,09:54:21,3237.21,100
696,09:54:21,3237.21,100
697,09:54:17,3237.0341,150
698,09:54:13,3233.91,100
699,09:54:13,3234.32,100
700,09:54:13,3234.35,100
701,09:54:12,3233.905,100
702,09:54:10,3234.7999,100
703,09:54:09,3233.935,100
704,09:54:06,3234.0,100
705,09:54:04,3234.07,100
706,09:54:03,3235.1505,100
707,09:53:59,3234.88,100
708,09:53:59,3235.015,900
709,09:53:59,3234.48,100
710,09:53:59,3234.886,1000
711,09:53:56,3234.99,100
712,09:53:56,3234.98,100
713,09:53:53,3235.31,100
714,09:53:53,3235.3,100
715,09:53:53,3235.32,100
716,09:53:53,3234.89,100
717,09:53:53,3234.95,100
718,09:53:53,3235.42,265
719,09:53:53,3234.99,110
720,09:54:13,3234.35,100
721,09:54:12,3233.905,100
722,09:54:10,3234.7999,100
723,09:54:09,3233.935,100
724,09:54:06,3234.0,100
725,09:54:04,3234.07,100
726,09:54:03,3235.1505,100
727,09:53:59,3234.88,100
728,09:53:59,3235.015,900
729,09:53:59,3234.48,100
730,09:53:59,3234.886,1000
731,09:53:56,3234.99,100
732,09:53:56,3234.98,100
733,09:53:53,3235.31,100
734,09:53:53,3235.3,100
735,09:53:53,3235.32,100
736,09:53:53,3234.89,100
737,09:53:53,3234.95,100
738,09:53:53,3235.42,265
739,09:53:53,3234.99,110
740,09:53:53,3234.84,100
741,09:53:49,3233.51,100
742,09:53:49,3234.57,100
743,09:53:47,3235.0722,100
744,09:53:46,3234.1401,1000
745,09:53:46,3233.655,100
746,09:53:45,3235.5458,1000
747,09:53:44,3234.42,100
748,09:53:44,3235.054,100
749,09:53:44,3235.132,246
750,09:53:44,3235.75,100
751,09:53:43,3235.99,100
752,09:53:41,3236.82,100
753,09:53:41,3236.82,100
754,09:53:41,3236.81,100
755,09:53:39,3237.85,100
756,09:53:39,3237.86,100
757,09:53:39,3238.1,100
758,09:53:39,3238.15,100
759,09:53:39,3238.16,172
760,09:53:53,3234.84,100
761,09:53:49,3233.51,100
762,09:53:49,3234.57,100
763,09:53:47,3235.0722,100
764,09:53:46,3234.1401,1000
765,09:53:46,3233.655,100
766,09:53:45,3235.5458,1000
767,09:53:44,3234.42,100
768,09:53:44,3235.054,100
769,09:53:44,3235.132,246
770,09:53:44,3235.75,100
771,09:53:43,3235.99,100
772,09:53:41,3236.82,100
773,09:53:41,3236.82,100
774,09:53:41,3236.81,100
775,09:53:39,3237.85,100
776,09:53:39,3237.86,100
777,09:53:39,3238.1,100
778,09:53:39,3238.15,100
779,09:53:39,3238.16,172
780,09:53:39,3238.15,100
781,09:53:39,3237.87,100
782,09:53:39,3237.94,100
783,09:53:37,3237.32,900
784,09:53:36,3236.875,100
785,09:53:34,3238.0,100
786,09:53:34,3237.6,100
787,09:53:33,3237.85,100
788,09:53:33,3237.071,100
789,09:53:33,3237.071,100
790,09:53:33,3237.47,100
791,09:53:33,3237.55,100
792,09:53:32,3236.57,100
793,09:53:32,3236.6542,300
794,09:53:32,3236.59,100
795,09:53:30,3237.105,1000
796,09:53:29,3237.89,100
797,09:53:29,3238.7199,834
798,09:53:29,3238.7199,120
799,09:53:27,3239.2199,1000
800,09:53:39,3238.15,100
801,09:53:39,3237.87,100
802,09:53:39,3237.94,100
803,09:53:37,3237.32,900
804,09:53:36,3236.875,100
805,09:53:34,3238.0,100
806,09:53:34,3237.6,100
807,09:53:33,3237.85,100
808,09:53:33,3237.071,100
809,09:53:33,3237.071,100
810,09:53:33,3237.47,100
811,09:53:33,3237.55,100
812,09:53:32,3236.57,100
813,09:53:32,3236.6542,300
814,09:53:32,3236.59,100
815,09:53:30,3237.105,1000
816,09:53:29,3237.89,100
817,09:53:29,3238.7199,834
818,09:53:29,3238.7199,120
819,09:53:27,3239.2199,1000
820,09:53:26,3238.6697,300
821,09:53:23,3239.0,100
822,09:53:20,3240.9929,100
823,09:53:18,3239.9202,307
824,09:53:18,3239.9202,339
825,09:53:18,3239.9202,129
826,09:53:17,3239.78,100
827,09:53:17,3239.52,100
828,09:53:17,3239.55,100
829,09:53:17,3241.21,100
830,09:53:17,3241.63,100
831,09:53:17,3241.73,100
832,09:53:17,3241.1856,1000
833,09:53:15,3243.01,1000
834,09:53:12,3243.445,100
835,09:53:12,3243.445,100
836,09:53:10,3243.925,100
837,09:53:09,3244.4689,351
838,09:53:09,3243.67,100
839,09:53:09,3243.65,100
840,09:53:26,3238.6697,300
841,09:53:23,3239.0,100
842,09:53:20,3240.9929,100
843,09:53:18,3239.9202,307
844,09:53:18,3239.9202,339
845,09:53:18,3239.9202,129
846,09:53:17,3239.78,100
847,09:53:17,3239.52,100
848,09:53:17,3239.55,100
849,09:53:17,3241.21,100
850,09:53:17,3241.63,100
851,09:53:17,3241.73,100
852,09:53:17,3241.1856,1000
853,09:53:15,3243.01,1000
854,09:53:12,3243.445,100
855,09:53:12,3243.445,100
856,09:53:10,3243.925,100
857,09:53:09,3244.4689,351
858,09:53:09,3243.67,100
859,09:53:09,3243.65,100
860,09:53:09,3243.54,100
861,09:53:09,3244.04,100
862,09:53:09,3244.15,100
863,09:53:06,3242.9,100
864,09:53:05,3241.97,1000
865,09:53:04,3242.2155,1000
866,09:53:04,3242.05,600
867,09:53:04,3241.4999,100
868,09:53:04,3241.4999,142
869,09:53:04,3241.4999,100
870,09:53:04,3241.5,142
871,09:53:04,3241.5,100
872,09:53:02,3240.78,100
873,09:53:02,3240.79,100
874,09:53:00,3240.29,100
875,09:53:00,3241.5,100
876,09:53:00,3241.8999,100
877,09:52:59,3241.0,100
878,09:52:59,3241.15,100
879,09:52:57,3242.01,100
880,09:53:09,3243.54,100
881,09:53:09,3244.04,100
882,09:53:09,3244.15,100
883,09:53:06,3242.9,100
884,09:53:05,3241.97,1000
885,09:53:04,3242.2155,1000
886,09:53:04,3242.05,600
887,09:53:04,3241.4999,100
888,09:53:04,3241.4999,142
889,09:53:04,3241.4999,100
890,09:53:04,3241.5,142
891,09:53:04,3241.5,100
892,09:53:02,3240.78,100
893,09:53:02,3240.79,100
894,09:53:00,3240.29,100
895,09:53:00,3241.5,100
896,09:53:00,3241.8999,100
897,09:52:59,3241.0,100
898,09:52:59,3241.15,100
899,09:52:57,3242.01,100
900,09:52:55,3243.82,590
901,09:52:55,3243.82,100
902,09:52:55,3243.82,100
903,09:52:55,3243.82,100
904,09:52:54,3244.27,100
905,09:52:53,3243.45,100
906,09:52:53,3244.019,100
907,09:52:50,3244.365,1000
908,09:52:48,3244.365,1000
909,09:52:47,3243.6,100
910,09:52:47,3243.5,100
911,09:52:44,3243.7724,100
912,09:52:43,3243.75,100
913,09:52:37,3243.015,100
914,09:52:36,3243.1708,100
915,09:52:34,3244.0475,100
916,09:52:32,3245.0,100
917,09:52:32,3245.0,100
918,09:52:32,3245.0,200
919,09:52:30,3245.2846,100
920,09:52:55,3243.82,590
921,09:52:55,3243.82,100
922,09:52:55,3243.82,100
923,09:52:55,3243.82,100
924,09:52:54,3244.27,100
925,09:52:53,3243.45,100
926,09:52:53,3244.019,100
927,09:52:50,3244.365,1000
928,09:52:48,3244.365,1000
929,09:52:47,3243.6,100
930,09:52:47,3243.5,100
931,09:52:44,3243.7724,100
932,09:52:43,3243.75,100
933,09:52:37,3243.015,100
934,09:52:36,3243.1708,100
935,09:52:34,3244.0475,100
936,09:52:32,3245.0,100
937,09:52:32,3245.0,100
938,09:52:32,3245.0,200
939,09:52:30,3245.2846,100
940,09:52:30,3245.0,195
941,09:52:29,3244.98,100
942,09:52:29,3244.98,100
943,09:52:29,3243.635,100
944,09:52:29,3244.94,100
945,09:52:29,3244.65,100
946,09:52:29,3244.53,100
947,09:52:28,3244.51,100
948,09:52:27,3243.785,600
949,09:52:26,3242.2067,100
950,09:52:22,3242.75,100
951,09:52:18,3242.79,100
952,09:52:17,3241.49,100
953,09:52:14,3242.37,100
954,09:52:12,3244.64,100
955,09:52:12,3243.6464,100
956,09:52:12,3242.638,100
957,09:52:12,3243.76,100
958,09:52:12,3243.112,100
959,09:52:11,3244.03,100
960,09:52:30,3245.0,195
961,09:52:29,3244.98,100
962,09:52:29,3244.98,100
963,09:52:29,3243.635,100
964,09:52:29,3244.94,100
965,09:52:29,3244.65,100
966,09:52:29,3244.53,100
967,09:52:28,3244.51,100
968,09:52:27,3243.785,600
969,09:52:26,3242.2067,100
970,09:52:22,3242.75,100
971,09:52:18,3242.79,100
972,09:52:17,3241.49,100
973,09:52:14,3242.37,100
974,09:52:12,3244.64,100
975,09:52:12,3243.6464,100
976,09:52:12,3242.638,100
977,09:52:12,3243.76,100
978,09:52:12,3243.112,100
979,09:52:11,3244.03,100
980,09:52:11,3244.64,200
981,09:52:11,3244.64,100
982,09:52:11,3244.64,100
983,09:52:10,3244.64,100
984,09:52:09,3244.64,1000
985,09:52:09,3244.65,100
986,09:52:08,3244.1424,100
987,09:52:08,3244.77,100
988,09:52:08,3244.76,200
989,09:52:07,3244.66,100
990,09:52:07,3244.66,1000
991,09:52:07,3244.7125,100
992,09:52:06,3245.0,100
993,09:52:06,3245.03,100
994,09:52:06,3245.57,1000
995,09:52:04,3247.08,100
996,09:52:01,3247.61,500
997,09:51:58,3248.525,100
998,09:51:54,3248.115,100
999,09:51:53,3248.88,101
1000,09:52:11,3244.64,200
1001,09:52:11,3244.64,100
1002,09:52:11,3244.64,100
1003,09:52:10,3244.64,100
1004,09:52:09,3244.64,1000
1005,09:52:09,3244.65,100
1006,09:52:08,3244.1424,100
1007,09:52:08,3244.77,100
1008,09:52:08,3244.76,200
1009,09:52:07,3244.66,100
1010,09:52:07,3244.66,1000
1011,09:52:07,3244.7125,100
1012,09:52:06,3245.0,100
1013,09:52:06,3245.03,100
1014,09:52:06,3245.57,1000
1015,09:52:04,3247.08,100
1016,09:52:01,3247.61,500
1017,09:51:58,3248.525,100
1018,09:51:54,3248.115,100
1019,09:51:53,3248.88,101
1020,09:51:53,3249.785,100
1021,09:51:52,3249.69,100
1022,09:51:52,3250.6499,100
1023,09:51:52,3250.6499,100
1024,09:51:52,3250.649,100
1025,09:51:51,3249.36,600
1026,09:51:51,3249.872,100
1027,09:51:51,3249.91,100
1028,09:51:51,3249.15,113
1029,09:51:50,3250.6499,1000
1030,09:51:47,3248.71,100
1031,09:51:44,3249.54,272
1032,09:51:43,3247.84,300
1033,09:51:43,3247.716,100
1034,09:51:43,3247.75,100
1035,09:51:43,3246.45,100
1036,09:51:43,3246.27,100
1037,09:51:43,3245.9,100
1038,09:51:43,3245.9,100
1039,09:51:42,3244.95,1000
1040,09:51:53,3249.785,100
1041,09:51:52,3249.69,100
1042,09:51:52,3250.6499,100
1043,09:51:52,3250.6499,100
1044,09:51:52,3250.649,100
1045,09:51:51,3249.36,600
1046,09:51:51,3249.872,100
1047,09:51:51,3249.91,100
1048,09:51:51,3249.15,113
1049,09:51:50,3250.6499,1000
1050,09:51:47,3248.71,100
1051,09:51:44,3249.54,272
1052,09:51:43,3247.84,300
1053,09:51:43,3247.716,100
1054,09:51:43,3247.75,100
1055,09:51:43,3246.45,100
1056,09:51:43,3246.27,100
1057,09:51:43,3245.9,100
1058,09:51:43,3245.9,100
1059,09:51:42,3244.95,1000
1060,09:51:40,3245.0,100
1061,09:51:39,3245.0,100
1062,09:51:39,3245.0,100
1063,09:51:39,3245.0,200
1064,09:51:39,3245.0,100
1065,09:51:38,3245.0,100
1066,09:51:37,3245.725,150
1067,09:51:36,3246.0,100
1068,09:51:35,3245.855,100
1069,09:51:27,3246.665,100
1070,09:51:24,3245.83,100
1071,09:51:24,3245.25,100
1072,09:51:09,3248.9871,135
1073,09:51:07,3249.0,100
1074,09:51:06,3248.47,398
1075,09:51:06,3247.716,100
1076,09:51:06,3249.44,1000
1077,09:51:05,3249.44,1000
1078,09:51:03,3250.05,100
1079,09:51:03,3249.95,100
1080,09:51:40,3245.0,100
1081,09:51:39,3245.0,100
1082,09:51:39,3245.0,100
1083,09:51:39,3245.0,200
1084,09:51:39,3245.0,100
1085,09:51:38,3245.0,100
1086,09:51:37,3245.725,150
1087,09:51:36,3246.0,100
1088,09:51:35,3245.855,100
1089,09:51:27,3246.665,100
1090,09:51:24,3245.83,100
1091,09:51:24,3245.25,100
1092,09:51:09,3248.9871,135
1093,09:51:07,3249.0,100
1094,09:51:06,3248.47,398
1095,09:51:06,3247.716,100
1096,09:51:06,3249.44,1000
1097,09:51:05,3249.44,1000
1098,09:51:03,3250.05,100
1099,09:51:03,3249.95,100
1100,09:50:59,3248.9892,100
1101,09:50:57,3248.27,397
1102,09:50:57,3247.1599,100
1103,09:50:57,3247.1599,100
1104,09:50:57,3247.1599,100
1105,09:50:57,3247.16,100
1106,09:50:57,3247.16,100
1107,09:50:57,3247.16,100
1108,09:50:56,3246.315,1000
1109,09:50:53,3246.0,100
1110,09:50:53,3246.04,100
1111,09:50:49,3246.58,100
1112,09:50:41,3248.09,100
1113,09:50:38,3248.11,100
1114,09:50:38,3248.0,100
1115,09:50:38,3248.15,100
1116,09:50:38,3248.1,100
1117,09:50:38,3248.13,100
1118,09:50:34,3247.075,100
1119,09:50:29,3246.67,100
1120,09:50:59,3248.9892,100
1121,09:50:57,3248.27,397
1122,09:50:57,3247.1599,100
1123,09:50:57,3247.1599,100
1124,09:50:57,3247.1599,100
1125,09:50:57,3247.16,100
1126,09:50:57,3247.16,100
1127,09:50:57,3247.16,100
1128,09:50:56,3246.315,1000
1129,09:50:53,3246.0,100
1130,09:50:53,3246.04,100
1131,09:50:49,3246.58,100
1132,09:50:41,3248.09,100
1133,09:50:38,3248.11,100
1134,09:50:38,3248.0,100
1135,09:50:38,3248.15,100
1136,09:50:38,3248.1,100
1137,09:50:38,3248.13,100
1138,09:50:34,3247.075,100
1139,09:50:29,3246.67,100
1140,09:50:28,3246.69,100
1141,09:50:27,3247.5775,100
1142,09:50:27,3248.575,100
1143,09:50:27,3247.69,200
1144,09:50:27,3247.69,100
1145,09:50:25,3248.4851,100
1146,09:50:25,3248.57,100
1147,09:50:24,3248.74,100
1148,09:50:24,3248.91,100
1149,09:50:20,3248.02,100
1150,09:50:20,3248.04,100
1151,09:50:20,3247.3,100
1152,09:50:20,3247.19,100
1153,09:50:20,3248.42,100
1154,09:50:20,3248.95,100
1155,09:50:20,3248.2,100
1156,09:50:20,3248.15,100
1157,09:50:20,3248.17,100
1158,09:50:20,3249.66,200
1159,09:50:17,3249.45,100
1160,09:50:28,3246.69,100
1161,09:50:27,3247.5775,100
1162,09:50:27,3248.575,100
1163,09:50:27,3247.69,200
1164,09:50:27,3247.69,100
1165,09:50:25,3248.4851,100
1166,09:50:25,3248.57,100
1167,09:50:24,3248.74,100
1168,09:50:24,3248.91,100
1169,09:50:20,3248.02,100
1170,09:50:20,3248.04,100
1171,09:50:20,3247.3,100
1172,09:50:20,3247.19,100
1173,09:50:20,3248.42,100
1174,09:50:20,3248.95,100
1175,09:50:20,3248.2,100
1176,09:50:20,3248.15,100
1177,09:50:20,3248.17,100
1178,09:50:20,3249.66,200
1179,09:50:17,3249.45,100
1180,09:50:16,3248.965,100
1181,09:50:16,3248.85,100
1182,09:50:16,3248.85,100
1183,09:50:16,3248.22,100
1184,09:50:14,3248.385,200
1185,09:50:12,3249.15,100
1186,09:50:12,3248.43,100
1187,09:50:12,3248.44,100
1188,09:49:59,3252.26,100
1189,09:49:54,3251.125,100
1190,09:49:52,3252.52,100
1191,09:49:37,3253.07,100
1192,09:49:30,3252.86,100
1193,09:49:25,3251.7873,100
1194,09:49:24,3252.62,100
1195,09:49:24,3253.0,246
1196,09:49:22,3252.6301,100
1197,09:49:22,3252.63,100
1198,09:49:22,3253.69,100
1199,09:49:21,3253.05,100
1200,09:50:16,3248.965,100
1201,09:50:16,3248.85,100
1202,09:50:16,3248.85,100
1203,09:50:16,3248.22,100
1204,09:50:14,3248.385,200
1205,09:50:12,3249.15,100
1206,09:50:12,3248.43,100
1207,09:50:12,3248.44,100
1208,09:49:59,3252.26,100
1209,09:49:54,3251.125,100
1210,09:49:52,3252.52,100
1211,09:49:37,3253.07,100
1212,09:49:30,3252.86,100
1213,09:49:25,3251.7873,100
1214,09:49:24,3252.62,100
1215,09:49:24,3253.0,246
1216,09:49:22,3252.6301,100
1217,09:49:22,3252.63,100
1218,09:49:22,3253.69,100
1219,09:49:21,3253.05,100
1220,09:49:21,3253.14,409
1221,09:49:21,3253.55,100
1222,09:49:20,3254.9311,1000
1223,09:49:19,3254.8147,100
1224,09:49:19,3254.34,100
1225,09:49:04,3253.6,100
1226,09:49:01,3254.9242,100
1227,09:49:00,3253.36,100
1228,09:49:00,3253.56,100
1229,09:49:00,3254.02,100
1230,09:49:00,3253.78,100
1231,09:49:00,3254.76,100
1232,09:49:00,3254.34,100
1233,09:49:00,3254.97,100
1234,09:49:00,3254.94,100
1235,09:49:00,3254.97,100
1236,09:48:50,3256.28,100
1237,09:48:50,3255.255,100
1238,09:48:50,3255.255,100
1239,09:48:49,3255.31,100
1240,09:49:21,3253.14,409
1241,09:49:21,3253.55,100
1242,09:49:20,3254.9311,1000
1243,09:49:19,3254.8147,100
1244,09:49:19,3254.34,100
1245,09:49:04,3253.6,100
1246,09:49:01,3254.9242,100
1247,09:49:00,3253.36,100
1248,09:49:00,3253.56,100
1249,09:49:00,3254.02,100
1250,09:49:00,3253.78,100
1251,09:49:00,3254.76,100
1252,09:49:00,3254.34,100
1253,09:49:00,3254.97,100
1254,09:49:00,3254.94,100
1255,09:49:00,3254.97,100
1256,09:48:50,3256.28,100
1257,09:48:50,3255.255,100
1258,09:48:50,3255.255,100
1259,09:48:49,3255.31,100
1260,09:48:35,3255.85,191
1261,09:48:35,3255.5166,191
1262,09:48:35,3253.86,307
1263,09:48:35,3255.04,100
1264,09:48:35,3255.56,131
1265,09:48:35,3255.2266,131
1266,09:48:34,3254.99,100
1267,09:48:32,3255.105,100
1268,09:48:30,3255.0,100
1269,09:48:30,3255.0,200
1270,09:48:30,3253.84,318
1271,09:48:30,3253.84,117
1272,09:48:30,3254.2666,100
1273,09:48:30,3254.2666,100
1274,09:48:30,3254.6,100
1275,09:48:30,3254.2666,100
1276,09:48:30,3254.6,100
1277,09:48:30,3254.46,100
1278,09:48:30,3254.1266,100
1279,09:48:30,3253.5666,100
1280,09:48:35,3255.85,191
1281,09:48:35,3255.5166,191
1282,09:48:35,3253.86,307
1283,09:48:35,3255.04,100
1284,09:48:35,3255.56,131
1285,09:48:35,3255.2266,131
1286,09:48:34,3254.99,100
1287,09:48:32,3255.105,100
1288,09:48:30,3255.0,100
1289,09:48:30,3255.0,200
1290,09:48:30,3253.84,318
1291,09:48:30,3253.84,117
1292,09:48:30,3254.2666,100
1293,09:48:30,3254.2666,100
1294,09:48:30,3254.6,100
1295,09:48:30,3254.2666,100
1296,09:48:30,3254.6,100
1297,09:48:30,3254.46,100
1298,09:48:30,3254.1266,100
1299,09:48:30,3253.5666,100
1300,09:48:30,3253.5666,100
1301,09:48:30,3253.9,100
1302,09:48:30,3253.92,100
1303,09:48:29,3253.7695,1500
1304,09:48:25,3253.07,100
1305,09:48:24,3252.72,100
1306,09:48:17,3251.0556,100
1307,09:48:16,3250.3717,238
1308,09:48:16,3250.3717,127
1309,09:48:16,3250.5,102
1310,09:48:16,3250.1,100
1311,09:48:16,3250.1,100
1312,09:48:16,3250.5,200
1313,09:48:16,3250.0,102
1314,09:48:16,3250.5,100
1315,09:48:16,3250.0,200
1316,09:48:16,3249.6,100
1317,09:48:16,3250.0,100
1318,09:48:15,3249.75,100
1319,09:48:15,3250.0,200
1320,09:48:30,3253.5666,100
1321,09:48:30,3253.9,100
1322,09:48:30,3253.92,100
1323,09:48:29,3253.7695,1500
1324,09:48:25,3253.07,100
1325,09:48:24,3252.72,100
1326,09:48:17,3251.0556,100
1327,09:48:16,3250.3717,238
1328,09:48:16,3250.3717,127
1329,09:48:16,3250.5,102
1330,09:48:16,3250.1,100
1331,09:48:16,3250.1,100
1332,09:48:16,3250.5,200
1333,09:48:16,3250.0,102
1334,09:48:16,3250.5,100
1335,09:48:16,3250.0,200
1336,09:48:16,3249.6,100
1337,09:48:16,3250.0,100
1338,09:48:15,3249.75,100
1339,09:48:15,3250.0,200
1340,09:48:15,3250.0,100
1341,09:48:15,3249.91,100
1342,09:48:14,3252.36,1000
1343,09:48:13,3251.4808,307
1344,09:48:11,3251.1272,120
1345,09:48:11,3251.1272,307
1346,09:48:11,3251.1272,519
1347,09:48:09,3253.59,100
1348,09:48:09,3253.59,100
1349,09:48:03,3253.92,100
1350,09:48:02,3253.83,100
1351,09:48:01,3254.63,100
1352,09:47:54,3253.82,150
1353,09:47:52,3253.84,100
1354,09:47:49,3253.68,100
1355,09:47:41,3254.46,100
1356,09:47:41,3254.6,100
1357,09:47:39,3254.58,100
1358,09:47:33,3253.17,100
1359,09:47:27,3254.61,100
1360,09:48:15,3250.0,100
1361,09:48:15,3249.91,100
1362,09:48:14,3252.36,1000
1363,09:48:13,3251.4808,307
1364,09:48:11,3251.1272,120
1365,09:48:11,3251.1272,307
1366,09:48:11,3251.1272,519
1367,09:48:09,3253.59,100
1368,09:48:09,3253.59,100
1369,09:48:03,3253.92,100
1370,09:48:02,3253.83,100
1371,09:48:01,3254.63,100
1372,09:47:54,3253.82,150
1373,09:47:52,3253.84,100
1374,09:47:49,3253.68,100
1375,09:47:41,3254.46,100
1376,09:47:41,3254.6,100
1377,09:47:39,3254.58,100
1378,09:47:33,3253.17,100
1379,09:47:27,3254.61,100
1380,09:47:26,3253.6,100
1381,09:47:26,3253.67,100
1382,09:47:26,3253.55,100
1383,09:47:26,3254.04,100
1384,09:47:24,3253.9474,208
1385,09:47:24,3252.79,100
1386,09:47:24,3252.79,100
1387,09:47:24,3252.485,100
1388,09:47:24,3253.29,100
1389,09:47:24,3252.79,100
1390,09:47:24,3253.272,100
1391,09:47:24,3252.772,100
1392,09:47:24,3252.62,100
1393,09:47:24,3252.59,100
1394,09:47:24,3253.09,100
1395,09:47:22,3252.6,100
1396,09:47:22,3252.57,100
1397,09:47:22,3252.406,100
1398,09:47:22,3253.07,100
1399,09:47:22,3252.57,100
1400,09:47:26,3253.6,100
1401,09:47:26,3253.67,100
1402,09:47:26,3253.55,100
1403,09:47:26,3254.04,100
1404,09:47:24,3253.9474,208
1405,09:47:24,3252.79,100
1406,09:47:24,3252.79,100
1407,09:47:24,3252.485,100
1408,09:47:24,3253.29,100
1409,09:47:24,3252.79,100
1410,09:47:24,3253.272,100
1411,09:47:24,3252.772,100
1412,09:47:24,3252.62,100
1413,09:47:24,3252.59,100
1414,09:47:24,3253.09,100
1415,09:47:22,3252.6,100
1416,09:47:22,3252.57,100
1417,09:47:22,3252.406,100
1418,09:47:22,3253.07,100
1419,09:47:22,3252.57,100
1420,09:47:22,3253.07,100
1421,09:47:22,3252.83,100
1422,09:47:21,3252.4913,132
1423,09:47:21,3253.112,100
1424,09:47:21,3252.612,100
1425,09:47:21,3252.62,100
1426,09:47:21,3252.98,100
1427,09:47:21,3252.48,100
1428,09:47:20,3252.5424,1000
1429,09:47:14,3251.0975,100
1430,09:47:12,3250.9,100
1431,09:47:07,3251.4601,100
1432,09:47:07,3251.4601,100
1433,09:47:07,3251.46,100
1434,09:47:07,3252.15,100
1435,09:47:07,3252.15,100
1436,09:47:06,3251.4601,1000
1437,09:47:01,3250.43,100
1438,09:47:01,3250.27,100
1439,09:47:01,3250.27,100
1440,09:47:22,3253.07,100
1441,09:47:22,3252.83,100
1442,09:47:21,3252.4913,132
1443,09:47:21,3253.112,100
1444,09:47:21,3252.612,100
1445,09:47:21,3252.62,100
1446,09:47:21,3252.98,100
1447,09:47:21,3252.48,100
1448,09:47:20,3252.5424,1000
1449,09:47:14,3251.0975,100
1450,09:47:12,3250.9,100
1451,09:47:07,3251.4601,100
1452,09:47:07,3251.4601,100
1453,09:47:07,3251.46,100
1454,09:47:07,3252.15,100
1455,09:47:07,3252.15,100
1456,09:47:06,3251.4601,1000
1457,09:47:01,3250.43,100
1458,09:47:01,3250.27,100
1459,09:47:01,3250.27,100
1460,09:46:57,3250.11,100
1461,09:46:55,3250.0,100
1462,09:46:55,3249.145,100
1463,09:46:55,3249.42,100
1464,09:46:55,3249.415,100
1465,09:46:55,3248.55,100
1466,09:46:55,3249.145,100
1467,09:46:55,3250.0,100
1468,09:46:55,3250.5,200
1469,09:46:55,3250.0,200
1470,09:46:55,3250.56,100
1471,09:46:55,3250.51,100
1472,09:46:55,3250.52,100
1473,09:46:55,3250.02,100
1474,09:46:55,3250.01,100
1475,09:46:54,3251.0191,497
1476,09:46:54,3250.81,100
1477,09:46:54,3250.31,100
1478,09:46:54,3251.69,700
1479,09:46:54,3251.591,100
1480,09:46:57,3250.11,100
1481,09:46:55,3250.0,100
1482,09:46:55,3249.145,100
1483,09:46:55,3249.42,100
1484,09:46:55,3249.415,100
1485,09:46:55,3248.55,100
1486,09:46:55,3249.145,100
1487,09:46:55,3250.0,100
1488,09:46:55,3250.5,200
1489,09:46:55,3250.0,200
1490,09:46:55,3250.56,100
1491,09:46:55,3250.51,100
1492,09:46:55,3250.52,100
1493,09:46:55,3250.02,100
1494,09:46:55,3250.01,100
1495,09:46:54,3251.0191,497
1496,09:46:54,3250.81,100
1497,09:46:54,3250.31,100
1498,09:46:54,3251.69,700
1499,09:46:54,3251.591,100
1500,09:46:53,3251.93,100
1501,09:46:53,3251.62,100
1502,09:46:53,3251.9,100
1503,09:46:52,3253.12,100
1504,09:46:44,3253.125,123
1505,09:46:39,3252.8,100
1506,09:46:39,3253.28,100
1507,09:46:39,3253.485,100
1508,09:46:39,3253.1,100
1509,09:46:39,3252.33,100
1510,09:46:36,3253.265,100
1511,09:46:27,3252.3011,100
1512,09:46:25,3254.18,1000
1513,09:46:25,3254.7,100
1514,09:46:25,3254.1025,307
1515,09:46:25,3254.21,100
1516,09:46:25,3254.36,100
1517,09:46:25,3253.8,200
1518,09:46:25,3254.86,100
1519,09:46:25,3254.3,200
1520,09:46:53,3251.93,100
1521,09:46:53,3251.62,100
1522,09:46:53,3251.9,100
1523,09:46:52,3253.12,100
1524,09:46:44,3253.125,123
1525,09:46:39,3252.8,100
1526,09:46:39,3253.28,100
1527,09:46:39,3253.485,100
1528,09:46:39,3253.1,100
1529,09:46:39,3252.33,100
1530,09:46:36,3253.265,100
1531,09:46:27,3252.3011,100
1532,09:46:25,3254.18,1000
1533,09:46:25,3254.7,100
1534,09:46:25,3254.1025,307
1535,09:46:25,3254.21,100
1536,09:46:25,3254.36,100
1537,09:46:25,3253.8,200
1538,09:46:25,3254.86,100
1539,09:46:25,3254.3,200
1540,09:46:24,3253.74,200
1541,09:46:24,3254.66,100
1542,09:46:24,3254.16,292
1543,09:46:24,3254.16,204
1544,09:46:24,3253.79,100
1545,09:46:24,3254.29,100
1546,09:46:24,3253.296,200
1547,09:46:24,3253.71,200
1548,09:46:23,3253.295,1000
1549,09:46:20,3254.2923,100
1550,09:46:08,3253.52,100
1551,09:46:02,3254.15,100
1552,09:46:00,3255.0,104
1553,09:46:00,3255.0,217
1554,09:46:00,3255.0,260
1555,09:46:00,3255.0,412
1556,09:46:00,3255.565,100
1557,09:45:58,3255.55,100
1558,09:45:55,3254.66,300
1559,09:45:54,3255.82,100
1560,09:46:24,3253.74,200
1561,09:46:24,3254.66,100
1562,09:46:24,3254.16,292
1563,09:46:24,3254.16,204
1564,09:46:24,3253.79,100
1565,09:46:24,3254.29,100
1566,09:46:24,3253.296,200
1567,09:46:24,3253.71,200
1568,09:46:23,3253.295,1000
1569,09:46:20,3254.2923,100
1570,09:46:08,3253.52,100
1571,09:46:02,3254.15,100
1572,09:46:00,3255.0,104
1573,09:46:00,3255.0,217
1574,09:46:00,3255.0,260
1575,09:46:00,3255.0,412
1576,09:46:00,3255.565,100
1577,09:45:58,3255.55,100
1578,09:45:55,3254.66,300
1579,09:45:54,3255.82,100
1580,09:45:53,3255.74,100
1581,09:45:52,3255.02,100
1582,09:45:44,3257.0207,150
1583,09:45:37,3254.5922,1000
1584,09:45:35,3256.92,697
1585,09:45:35,3256.92,100
1586,09:45:34,3257.5,100
1587,09:45:31,3255.12,100
1588,09:45:29,3254.67,3000
1589,09:45:25,3254.87,100
1590,09:45:25,3255.4207,100
1591,09:45:24,3255.72,100
1592,09:45:24,3255.72,100
1593,09:45:23,3255.72,200
1594,09:45:21,3254.98,100
1595,09:45:18,3255.71,100
1596,09:45:16,3255.72,100
1597,09:45:15,3254.85,100
1598,09:45:15,3254.68,151
1599,09:45:13,3253.16,281
1600,09:45:53,3255.74,100
1601,09:45:52,3255.02,100
1602,09:45:44,3257.0207,150
1603,09:45:37,3254.5922,1000
1604,09:45:35,3256.92,697
1605,09:45:35,3256.92,100
1606,09:45:34,3257.5,100
1607,09:45:31,3255.12,100
1608,09:45:29,3254.67,3000
1609,09:45:25,3254.87,100
1610,09:45:25,3255.4207,100
1611,09:45:24,3255.72,100
1612,09:45:24,3255.72,100
1613,09:45:23,3255.72,200
1614,09:45:21,3254.98,100
1615,09:45:18,3255.71,100
1616,09:45:16,3255.72,100
1617,09:45:15,3254.85,100
1618,09:45:15,3254.68,151
1619,09:45:13,3253.16,281
1620,09:45:13,3252.615,100
1621,09:45:13,3254.02,100
1622,09:45:13,3253.6,100
1623,09:45:13,3254.0,101
1624,09:45:10,3252.84,100
1625,09:45:00,3253.6234,1000
1626,09:45:00,3252.15,100
1627,09:44:50,3253.36,100
1628,09:44:50,3253.03,100
1629,09:44:50,3253.05,100
1630,09:44:49,3253.0,157
1631,09:44:48,3253.0,300
1632,09:44:48,3251.985,400
1633,09:44:48,3250.665,100
1634,09:44:47,3250.61,100
1635,09:44:47,3250.93,100
1636,09:44:47,3250.49,100
1637,09:44:47,3250.5,100
1638,09:44:47,3250.66,100
1639,09:44:47,3249.46,100
1640,09:45:13,3252.615,100
1641,09:45:13,3254.02,100
1642,09:45:13,3253.6,100
1643,09:45:13,3254.0,101
1644,09:45:10,3252.84,100
1645,09:45:00,3253.6234,1000
1646,09:45:00,3252.15,100
1647,09:44:50,3253.36,100
1648,09:44:50,3253.03,100
1649,09:44:50,3253.05,100
1650,09:44:49,3253.0,157
1651,09:44:48,3253.0,300
1652,09:44:48,3251.985,400
1653,09:44:48,3250.665,100
1654,09:44:47,3250.61,100
1655,09:44:47,3250.93,100
1656,09:44:47,3250.49,100
1657,09:44:47,3250.5,100
1658,09:44:47,3250.66,100
1659,09:44:47,3249.46,100
1660,09:44:47,3249.455,100
1661,09:44:47,3250.0,100
1662,09:44:47,3249.75,100
1663,09:44:47,3249.75,100
1664,09:44:46,3250.9299,1000
1665,09:44:44,3249.0412,100
1666,09:44:34,3247.39,100
1667,09:44:31,3246.7215,100
1668,09:44:31,3247.2148,100
1669,09:44:30,3247.4,1000
1670,09:44:29,3247.09,100
1671,09:44:28,3246.53,100
1672,09:44:28,3246.03,100
1673,09:44:28,3247.0,104
1674,09:44:27,3248.459,100
1675,09:44:27,3248.459,100
1676,09:44:27,3248.01,100
1677,09:44:26,3250.02,311
1678,09:44:26,3248.01,171
1679,09:44:26,3248.51,171
1680,09:44:47,3249.455,100
1681,09:44:47,3250.0,100
1682,09:44:47,3249.75,100
1683,09:44:47,3249.75,100
1684,09:44:46,3250.9299,1000
1685,09:44:44,3249.0412,100
1686,09:44:34,3247.39,100
1687,09:44:31,3246.7215,100
1688,09:44:31,3247.2148,100
1689,09:44:30,3247.4,1000
1690,09:44:29,3247.09,100
1691,09:44:28,3246.53,100
1692,09:44:28,3246.03,100
1693,09:44:28,3247.0,104
1694,09:44:27,3248.459,100
1695,09:44:27,3248.459,100
1696,09:44:27,3248.01,100
1697,09:44:26,3250.02,311
1698,09:44:26,3248.01,171
1699,09:44:26,3248.51,171
1700,09:44:26,3248.63,100
1701,09:44:26,3248.13,100
1702,09:44:26,3248.9,100
1703,09:44:26,3248.4,100
1704,09:44:26,3248.6,100
1705,09:44:26,3249.1,100
1706,09:44:26,3248.535,757
1707,09:44:25,3249.67,100
1708,09:44:25,3249.0997,1000
1709,09:44:23,3249.02,100
1710,09:44:22,3250.39,100
1711,09:44:16,3251.7858,150
1712,09:44:13,3250.83,100
1713,09:44:13,3252.31,200
1714,09:44:12,3250.94,100
1715,09:44:12,3250.67,100
1716,09:44:12,3248.93,307
1717,09:44:12,3250.32,100
1718,09:44:12,3250.32,100
1719,09:44:12,3250.71,100
1720,09:44:26,3248.63,100
1721,09:44:26,3248.13,100
1722,09:44:26,3248.9,100
1723,09:44:26,3248.4,100
1724,09:44:26,3248.6,100
1725,09:44:26,3249.1,100
1726,09:44:26,3248.535,757
1727,09:44:25,3249.67,100
1728,09:44:25,3249.0997,1000
1729,09:44:23,3249.02,100
1730,09:44:22,3250.39,100
1731,09:44:16,3251.7858,150
1732,09:44:13,3250.83,100
1733,09:44:13,3252.31,200
1734,09:44:12,3250.94,100
1735,09:44:12,3250.67,100
1736,09:44:12,3248.93,307
1737,09:44:12,3250.32,100
1738,09:44:12,3250.32,100
1739,09:44:12,3250.71,100
1740,09:44:12,3250.21,100
1741,09:44:12,3250.82,100
1742,09:44:12,3250.82,100
1743,09:44:11,3250.93,700
1744,09:44:11,3250.64,100
1745,09:44:06,3251.7559,350
1746,09:44:05,3251.11,100
1747,09:43:56,3252.1155,100
1748,09:43:44,3252.865,100
1749,09:43:44,3252.88,100
1750,09:43:41,3252.97,100
1751,09:43:36,3252.0,100
1752,09:43:24,3251.69,100
1753,09:43:22,3251.5138,100
1754,09:43:20,3251.09,100
1755,09:43:16,3252.0,100
1756,09:43:13,3250.655,100
1757,09:43:04,3252.59,100
1758,09:43:04,3252.97,100
1759,09:43:03,3251.51,100
1760,09:44:12,3250.21,100
1761,09:44:12,3250.82,100
1762,09:44:12,3250.82,100
1763,09:44:11,3250.93,700
1764,09:44:11,3250.64,100
1765,09:44:06,3251.7559,350
1766,09:44:05,3251.11,100
1767,09:43:56,3252.1155,100
1768,09:43:44,3252.865,100
1769,09:43:44,3252.88,100
1770,09:43:41,3252.97,100
1771,09:43:36,3252.0,100
1772,09:43:24,3251.69,100
1773,09:43:22,3251.5138,100
1774,09:43:20,3251.09,100
1775,09:43:16,3252.0,100
1776,09:43:13,3250.655,100
1777,09:43:04,3252.59,100
1778,09:43:04,3252.97,100
1779,09:43:03,3251.51,100
1780,09:43:03,3251.05,100
1781,09:43:03,3250.0,100
1782,09:43:03,3250.0,100
1783,09:43:03,3249.89,700
1784,09:43:03,3250.0,100
1785,09:43:03,3250.0,100
1786,09:43:03,3249.85,100
1787,09:43:02,3249.82,100
1788,09:43:01,3248.74,100
1789,09:43:01,3248.75,100
1790,09:43:01,3249.21,100
1791,09:43:01,3249.22,100
1792,09:42:50,3248.44,100
1793,09:42:46,3247.96,100
1794,09:42:40,3247.72,100
1795,09:42:40,3247.85,100
1796,09:42:38,3249.1,100
1797,09:42:35,3247.78,100
1798,09:42:35,3247.49,100
1799,09:42:35,3247.53,100
1800,09:43:03,3251.05,100
1801,09:43:03,3250.0,100
1802,09:43:03,3250.0,100
1803,09:43:03,3249.89,700
1804,09:43:03,3250.0,100
1805,09:43:03,3250.0,100
1806,09:43:03,3249.85,100
1807,09:43:02,3249.82,100
1808,09:43:01,3248.74,100
1809,09:43:01,3248.75,100
1810,09:43:01,3249.21,100
1811,09:43:01,3249.22,100
1812,09:42:50,3248.44,100
1813,09:42:46,3247.96,100
1814,09:42:40,3247.72,100
1815,09:42:40,3247.85,100
1816,09:42:38,3249.1,100
1817,09:42:35,3247.78,100
1818,09:42:35,3247.49,100
1819,09:42:35,3247.53,100
1820,09:42:33,3248.02,100
1821,09:42:32,3248.0,200
1822,09:42:29,3249.66,100
1823,09:42:27,3248.54,100
1824,09:42:27,3248.45,100
1825,09:42:27,3248.45,100
1826,09:42:27,3248.61,100
1827,09:42:27,3248.48,100
1828,09:42:27,3248.995,100
1829,09:42:27,3249.7,100
1830,09:42:24,3249.695,100
1831,09:42:19,3249.99,100
1832,09:42:18,3249.995,100
1833,09:42:18,3250.1,100
1834,09:42:17,3249.95,100
1835,09:42:17,3250.0,100
1836,09:42:14,3250.04,100
1837,09:42:12,3250.96,100
1838,09:42:09,3250.0,100
1839,09:42:09,3249.375,100
1840,09:42:33,3248.02,100
1841,09:42:32,3248.0,200
1842,09:42:29,3249.66,100
1843,09:42:27,3248.54,100
1844,09:42:27,3248.45,100
1845,09:42:27,3248.45,100
1846,09:42:27,3248.61,100
1847,09:42:27,3248.48,100
1848,09:42:27,3248.995,100
1849,09:42:27,3249.7,100
1850,09:42:24,3249.695,100
1851,09:42:19,3249.99,100
1852,09:42:18,3249.995,100
1853,09:42:18,3250.1,100
1854,09:42:17,3249.95,100
1855,09:42:17,3250.0,100
1856,09:42:14,3250.04,100
1857,09:42:12,3250.96,100
1858,09:42:09,3250.0,100
1859,09:42:09,3249.375,100
1860,09:42:09,3250.0,100
1861,09:42:09,3249.9,100
1862,09:42:08,3249.99,100
1863,09:42:08,3249.88,100
1864,09:42:08,3249.91,100
1865,09:42:08,3250.0,100
1866,09:42:08,3250.0,100
1867,09:42:08,3250.0,100
1868,09:42:08,3250.0,200
1869,09:42:08,3250.0,100
1870,09:42:08,3250.0,312
1871,09:42:08,3250.08,100
1872,09:42:06,3251.24,100
1873,09:41:59,3251.7,334
1874,09:41:58,3250.6204,100
1875,09:41:50,3252.9,300
1876,09:41:49,3255.0996,300
1877,09:41:43,3253.7021,150
1878,09:41:32,3253.1,100
1879,09:41:32,3253.68,100
1880,09:42:09,3250.0,100
1881,09:42:09,3249.9,100
1882,09:42:08,3249.99,100
1883,09:42:08,3249.88,100
1884,09:42:08,3249.91,100
1885,09:42:08,3250.0,100
1886,09:42:08,3250.0,100
1887,09:42:08,3250.0,100
1888,09:42:08,3250.0,200
1889,09:42:08,3250.0,100
1890,09:42:08,3250.0,312
1891,09:42:08,3250.08,100
1892,09:42:06,3251.24,100
1893,09:41:59,3251.7,334
1894,09:41:58,3250.6204,100
1895,09:41:50,3252.9,300
1896,09:41:49,3255.0996,300
1897,09:41:43,3253.7021,150
1898,09:41:32,3253.1,100
1899,09:41:32,3253.68,100
1900,09:41:32,3253.67,100
1901,09:41:32,3253.68,100
1902,09:41:27,3253.37,100
1903,09:41:27,3252.48,200
1904,09:41:21,3252.92,400
1905,09:41:20,3252.0,100
1906,09:41:19,3252.0,200
1907,09:41:19,3252.53,100
1908,09:41:18,3252.17,100
1909,09:41:18,3252.17,300
1910,09:41:13,3254.3,100
1911,09:41:09,3253.685,100
1912,09:41:06,3253.08,700
1913,09:41:06,3253.96,100
1914,09:41:02,3253.62,250
1915,09:41:01,3253.28,100
1916,09:41:01,3253.22,100
1917,09:40:57,3255.0119,100
1918,09:40:57,3255.01,100
1919,09:40:56,3256.03,100
1920,09:41:32,3253.67,100
1921,09:41:32,3253.68,100
1922,09:41:27,3253.37,100
1923,09:41:27,3252.48,200
1924,09:41:21,3252.92,400
1925,09:41:20,3252.0,100
1926,09:41:19,3252.0,200
1927,09:41:19,3252.53,100
1928,09:41:18,3252.17,100
1929,09:41:18,3252.17,300
1930,09:41:13,3254.3,100
1931,09:41:09,3253.685,100
1932,09:41:06,3253.08,700
1933,09:41:06,3253.96,100
1934,09:41:02,3253.62,250
1935,09:41:01,3253.28,100
1936,09:41:01,3253.22,100
1937,09:40:57,3255.0119,100
1938,09:40:57,3255.01,100
1939,09:40:56,3256.03,100
1940,09:40:54,3255.69,100
1941,09:40:49,3257.85,100
1942,09:40:49,3257.74,100
1943,09:40:48,3258.85,100
1944,09:40:44,3259.74,100
1945,09:40:44,3259.0,100
1946,09:40:44,3258.46,100
1947,09:40:42,3257.0,100
1948,09:40:40,3257.45,100
1949,09:40:40,3257.45,100
1950,09:40:40,3257.45,100
1951,09:40:34,3257.0,100
1952,09:40:33,3257.65,100
1953,09:40:20,3257.02,100
1954,09:40:20,3258.77,100
1955,09:40:19,3258.69,100
1956,09:40:19,3259.73,100
1957,09:40:19,3259.0,100
1958,09:40:18,3258.0,100
1959,09:40:17,3256.41,100
1960,09:40:54,3255.69,100
1961,09:40:49,3257.85,100
1962,09:40:49,3257.74,100
1963,09:40:48,3258.85,100
1964,09:40:44,3259.74,100
1965,09:40:44,3259.0,100
1966,09:40:44,3258.46,100
1967,09:40:42,3257.0,100
1968,09:40:40,3257.45,100
1969,09:40:40,3257.45,100
1970,09:40:40,3257.45,100
1971,09:40:34,3257.0,100
1972,09:40:33,3257.65,100
1973,09:40:20,3257.02,100
1974,09:40:20,3258.77,100
1975,09:40:19,3258.69,100
1976,09:40:19,3259.73,100
1977,09:40:19,3259.0,100
1978,09:40:18,3258.0,100
1979,09:40:17,3256.41,100
1980,09:40:17,3256.41,100
1981,09:40:09,3256.21,100
1982,09:40:04,3255.49,100
1983,09:40:04,3255.48,100
1984,09:40:02,3254.93,106
1985,09:40:02,3254.71,100
1986,09:40:02,3254.5,100
1987,09:39:59,3257.555,100
1988,09:39:59,3256.99,200
1989,09:39:59,3256.99,100
1990,09:39:54,3257.1338,100
1991,09:39:54,3258.02,100
1992,09:39:54,3258.02,152
1993,09:39:51,3256.133,1000
1994,09:39:41,3255.05,100
1995,09:39:30,3257.16,100
1996,09:39:17,3258.88,306
1997,09:39:17,3258.5,100
1998,09:39:17,3258.46,100
1999,09:39:17,3258.09,100
2000,09:40:17,3256.41,100
2001,09:40:09,3256.21,100
2002,09:40:04,3255.49,100
2003,09:40:04,3255.48,100
2004,09:40:02,3254.93,106
2005,09:40:02,3254.71,100
2006,09:40:02,3254.5,100
2007,09:39:59,3257.555,100
2008,09:39:59,3256.99,200
2009,09:39:59,3256.99,100
2010,09:39:54,3257.1338,100
2011,09:39:54,3258.02,100
2012,09:39:54,3258.02,152
2013,09:39:51,3256.133,1000
2014,09:39:41,3255.05,100
2015,09:39:30,3257.16,100
2016,09:39:17,3258.88,306
2017,09:39:17,3258.5,100
2018,09:39:17,3258.46,100
2019,09:39:17,3258.09,100
2020,09:39:17,3258.28,100
2021,09:39:17,3258.78,100
2022,09:39:17,3259.0,100
2023,09:39:17,3258.96,100
2024,09:39:15,3260.0,200
2025,09:39:14,3258.23,1000
2026,09:39:13,3259.5348,120
2027,09:39:13,3259.5348,462
2028,09:39:13,3258.46,100
2029,09:39:13,3258.38,100
2030,09:39:13,3258.88,100
2031,09:39:13,3258.96,100
2032,09:39:12,3260.4129,1000
2033,09:39:12,3258.01,295
2034,09:39:12,3260.412,1000
2035,09:39:11,3260.6099,1000
2036,09:39:10,3257.21,100
2037,09:39:10,3257.04,100
2038,09:39:10,3257.04,100
2039,09:39:10,3256.015,100
2040,09:39:17,3258.28,100
2041,09:39:17,3258.78,100
2042,09:39:17,3259.0,100
2043,09:39:17,3258.96,100
2044,09:39:15,3260.0,200
2045,09:39:14,3258.23,1000
2046,09:39:13,3259.5348,120
2047,09:39:13,3259.5348,462
2048,09:39:13,3258.46,100
2049,09:39:13,3258.38,100
2050,09:39:13,3258.88,100
2051,09:39:13,3258.96,100
2052,09:39:12,3260.4129,1000
2053,09:39:12,3258.01,295
2054,09:39:12,3260.412,1000
2055,09:39:11,3260.6099,1000
2056,09:39:10,3257.21,100
2057,09:39:10,3257.04,100
2058,09:39:10,3257.04,100
2059,09:39:10,3256.015,100
2060,09:39:04,3252.53,100
2061,09:39:04,3252.535,100
2062,09:39:04,3252.58,100
2063,09:39:04,3254.95,474
2064,09:39:04,3253.03,100
2065,09:39:04,3253.01,100
2066,09:39:04,3252.51,100
2067,09:39:03,3255.68,175
2068,09:39:03,3254.87,100
2069,09:39:03,3254.37,100
2070,09:39:03,3255.69,100
2071,09:39:03,3255.73,100
2072,09:39:03,3255.23,100
2073,09:39:03,3255.18,100
2074,09:39:01,3256.8449,890
2075,09:39:01,3256.88,100
2076,09:39:01,3256.93,100
2077,09:39:01,3257.8867,1000
2078,09:38:53,3260.035,100
2079,09:38:49,3259.4875,249
2080,09:39:04,3252.53,100
2081,09:39:04,3252.535,100
2082,09:39:04,3252.58,100
2083,09:39:04,3254.95,474
2084,09:39:04,3253.03,100
2085,09:39:04,3253.01,100
2086,09:39:04,3252.51,100
2087,09:39:03,3255.68,175
2088,09:39:03,3254.87,100
2089,09:39:03,3254.37,100
2090,09:39:03,3255.69,100
2091,09:39:03,3255.73,100
2092,09:39:03,3255.23,100
2093,09:39:03,3255.18,100
2094,09:39:01,3256.8449,890
2095,09:39:01,3256.88,100
2096,09:39:01,3256.93,100
2097,09:39:01,3257.8867,1000
2098,09:38:53,3260.035,100
2099,09:38:49,3259.4875,249
2100,09:38:45,3257.8758,166
2101,09:38:45,3257.649,825
2102,09:38:45,3258.2,100
2103,09:38:32,3259.57,100
2104,09:38:28,3260.26,100
2105,09:38:28,3260.26,100
2106,09:38:28,3260.26,100
2107,09:38:28,3260.26,100
2108,09:38:28,3260.26,100
2109,09:38:28,3260.0,100
2110,09:38:28,3260.26,100
2111,09:38:28,3260.0,100
2112,09:38:28,3260.26,100
2113,09:38:27,3258.71,100
2114,09:38:27,3259.57,100
2115,09:38:27,3259.13,100
2116,09:38:27,3260.1455,636
2117,09:38:27,3259.501,100
2118,09:38:27,3259.501,100
2119,09:38:27,3259.501,100
2120,09:38:45,3257.8758,166
2121,09:38:45,3257.649,825
2122,09:38:45,3258.2,100
2123,09:38:32,3259.57,100
2124,09:38:28,3260.26,100
2125,09:38:28,3260.26,100
2126,09:38:28,3260.26,100
2127,09:38:28,3260.26,100
2128,09:38:28,3260.26,100
2129,09:38:28,3260.0,100
2130,09:38:28,3260.26,100
2131,09:38:28,3260.0,100
2132,09:38:28,3260.26,100
2133,09:38:27,3258.71,100
2134,09:38:27,3259.57,100
2135,09:38:27,3259.13,100
2136,09:38:27,3260.1455,636
2137,09:38:27,3259.501,100
2138,09:38:27,3259.501,100
2139,09:38:27,3259.501,100
2140,09:38:27,3259.85,100
2141,09:38:27,3259.62,100
2142,09:38:26,3260.7181,1000
2143,09:38:25,3259.295,1000
2144,09:38:24,3257.74,100
2145,09:38:24,3257.74,100
2146,09:38:22,3257.01,100
2147,09:38:17,3258.53,100
2148,09:38:17,3258.53,100
2149,09:38:17,3258.14,100
2150,09:38:13,3259.01,100
2151,09:38:13,3257.22,100
2152,09:38:08,3256.84,100
2153,09:38:06,3257.22,100
2154,09:38:06,3257.22,100
2155,09:38:01,3256.1001,100
2156,09:37:57,3258.5,1000
2157,09:37:55,3259.58,100
2158,09:37:54,3261.33,100
2159,09:37:53,3260.2686,120
2160,09:38:27,3259.85,100
2161,09:38:27,3259.62,100
2162,09:38:26,3260.7181,1000
2163,09:38:25,3259.295,1000
2164,09:38:24,3257.74,100
2165,09:38:24,3257.74,100
2166,09:38:22,3257.01,100
2167,09:38:17,3258.53,100
2168,09:38:17,3258.53,100
2169,09:38:17,3258.14,100
2170,09:38:13,3259.01,100
2171,09:38:13,3257.22,100
2172,09:38:08,3256.84,100
2173,09:38:06,3257.22,100
2174,09:38:06,3257.22,100
2175,09:38:01,3256.1001,100
2176,09:37:57,3258.5,1000
2177,09:37:55,3259.58,100
2178,09:37:54,3261.33,100
2179,09:37:53,3260.2686,120
2180,09:37:53,3260.2686,547
2181,09:37:53,3260.514,100
2182,09:37:53,3260.514,100
2183,09:37:53,3260.37,100
2184,09:37:53,3260.35,100
2185,09:37:52,3260.218,1000
2186,09:37:51,3260.91,100
2187,09:37:47,3260.51,100
2188,09:37:42,3261.25,100
2189,09:37:42,3261.488,100
2190,09:37:37,3261.29,100
2191,09:37:34,3261.87,100
2192,09:37:27,3259.92,100
2193,09:37:26,3259.265,199
2194,09:37:25,3258.6,100
2195,09:37:25,3259.14,100
2196,09:37:25,3260.5,120
2197,09:37:25,3260.1882,301
2198,09:37:24,3259.7367,304
2199,09:37:24,3259.7367,120
2200,09:37:53,3260.2686,547
2201,09:37:53,3260.514,100
2202,09:37:53,3260.514,100
2203,09:37:53,3260.37,100
2204,09:37:53,3260.35,100
2205,09:37:52,3260.218,1000
2206,09:37:51,3260.91,100
2207,09:37:47,3260.51,100
2208,09:37:42,3261.25,100
2209,09:37:42,3261.488,100
2210,09:37:37,3261.29,100
2211,09:37:34,3261.87,100
2212,09:37:27,3259.92,100
2213,09:37:26,3259.265,199
2214,09:37:25,3258.6,100
2215,09:37:25,3259.14,100
2216,09:37:25,3260.5,120
2217,09:37:25,3260.1882,301
2218,09:37:24,3259.7367,304
2219,09:37:24,3259.7367,120
2220,09:37:24,3259.76,100
2221,09:37:24,3259.62,100
2222,09:37:24,3259.42,100
2223,09:37:24,3259.53,100
2224,09:37:24,3259.33,100
2225,09:37:24,3259.83,100
2226,09:37:24,3260.03,100
2227,09:37:24,3260.12,100
2228,09:37:24,3260.26,100
2229,09:37:24,3259.92,100
2230,09:37:23,3258.91,100
2231,09:37:23,3256.74,119
2232,09:37:23,3256.74,299
2233,09:37:23,3256.74,106
2234,09:37:23,3259.05,100
2235,09:37:23,3258.311,100
2236,09:37:23,3259.55,100
2237,09:37:23,3258.58,100
2238,09:37:22,3258.0,300
2239,09:37:22,3258.0,300
2240,09:37:24,3259.76,100
2241,09:37:24,3259.62,100
2242,09:37:24,3259.42,100
2243,09:37:24,3259.53,100
2244,09:37:24,3259.33,100
2245,09:37:24,3259.83,100
2246,09:37:24,3260.03,100
2247,09:37:24,3260.12,100
2248,09:37:24,3260.26,100
2249,09:37:24,3259.92,100
2250,09:37:23,3258.91,100
2251,09:37:23,3256.74,119
2252,09:37:23,3256.74,299
2253,09:37:23,3256.74,106
2254,09:37:23,3259.05,100
2255,09:37:23,3258.311,100
2256,09:37:23,3259.55,100
2257,09:37:23,3258.58,100
2258,09:37:22,3258.0,300
2259,09:37:22,3258.0,300
2260,09:37:21,3259.7369,1000
2261,09:37:20,3258.825,1000
2262,09:37:12,3258.59,100
2263,09:37:11,3257.5,437
2264,09:37:11,3257.5,306
2265,09:37:11,3258.53,100
2266,09:37:10,3258.6423,306
2267,09:37:10,3258.6423,381
2268,09:37:10,3259.19,100
2269,09:37:07,3259.25,100
2270,09:37:07,3262.0709,100
2271,09:37:07,3259.49,100
2272,09:37:03,3257.6428,1000
2273,09:37:02,3257.82,1000
2274,09:37:01,3258.72,100
2275,09:37:00,3259.11,100
2276,09:36:59,3260.62,100
2277,09:36:59,3260.58,100
2278,09:36:54,3262.34,100
2279,09:36:54,3263.0,800
2280,09:37:21,3259.7369,1000
2281,09:37:20,3258.825,1000
2282,09:37:12,3258.59,100
2283,09:37:11,3257.5,437
2284,09:37:11,3257.5,306
2285,09:37:11,3258.53,100
2286,09:37:10,3258.6423,306
2287,09:37:10,3258.6423,381
2288,09:37:10,3259.19,100
2289,09:37:07,3259.25,100
2290,09:37:07,3262.0709,100
2291,09:37:07,3259.49,100
2292,09:37:03,3257.6428,1000
2293,09:37:02,3257.82,1000
2294,09:37:01,3258.72,100
2295,09:37:00,3259.11,100
2296,09:36:59,3260.62,100
2297,09:36:59,3260.58,100
2298,09:36:54,3262.34,100
2299,09:36:54,3263.0,800
2300,09:36:54,3263.06,100
2301,09:36:54,3263.24,100
2302,09:36:51,3262.65,160
2303,09:36:51,3260.96,160
2304,09:36:51,3262.7,100
2305,09:36:51,3262.65,100
2306,09:36:51,3262.56,100
2307,09:36:51,3262.65,100
2308,09:36:51,3261.88,100
2309,09:36:48,3261.965,100
2310,09:36:47,3260.92,100
2311,09:36:47,3261.89,100
2312,09:36:42,3263.2199,500
2313,09:36:42,3260.91,100
2314,09:36:42,3260.91,100
2315,09:36:41,3258.88,100
2316,09:36:41,3261.045,1000
2317,09:36:41,3261.56,100
2318,09:36:41,3261.14,306
2319,09:36:41,3261.06,100
2320,09:36:54,3263.06,100
2321,09:36:54,3263.24,100
2322,09:36:51,3262.65,160
2323,09:36:51,3260.96,160
2324,09:36:51,3262.7,100
2325,09:36:51,3262.65,100
2326,09:36:51,3262.56,100
2327,09:36:51,3262.65,100
2328,09:36:51,3261.88,100
2329,09:36:48,3261.965,100
2330,09:36:47,3260.92,100
2331,09:36:47,3261.89,100
2332,09:36:42,3263.2199,500
2333,09:36:42,3260.91,100
2334,09:36:42,3260.91,100
2335,09:36:41,3258.88,100
2336,09:36:41,3261.045,1000
2337,09:36:41,3261.56,100
2338,09:36:41,3261.14,306
2339,09:36:41,3261.06,100
2340,09:36:41,3261.12,100
2341,09:36:41,3261.62,100
2342,09:36:41,3261.06,100
2343,09:36:40,3262.5245,306
2344,09:36:40,3262.5245,404
2345,09:36:40,3259.59,100
2346,09:36:40,3259.56,100
2347,09:36:40,3260.06,100
2348,09:36:40,3259.4562,1000
2349,09:36:39,3259.81,778
2350,09:36:39,3259.41,100
2351,09:36:38,3258.635,100
2352,09:36:38,3258.7,100
2353,09:36:38,3258.21,100
2354,09:36:38,3258.05,100
2355,09:36:38,3258.6,100
2356,09:36:32,3257.44,100
2357,09:36:32,3257.38,100
2358,09:36:29,3257.325,100
2359,09:36:29,3258.64,100
2360,09:36:41,3261.12,100
2361,09:36:41,3261.62,100
2362,09:36:41,3261.06,100
2363,09:36:40,3262.5245,306
2364,09:36:40,3262.5245,404
2365,09:36:40,3259.59,100
2366,09:36:40,3259.56,100
2367,09:36:40,3260.06,100
2368,09:36:40,3259.4562,1000
2369,09:36:39,3259.81,778
2370,09:36:39,3259.41,100
2371,09:36:38,3258.635,100
2372,09:36:38,3258.7,100
2373,09:36:38,3258.21,100
2374,09:36:38,3258.05,100
2375,09:36:38,3258.6,100
2376,09:36:32,3257.44,100
2377,09:36:32,3257.38,100
2378,09:36:29,3257.325,100
2379,09:36:29,3258.64,100
2380,09:36:24,3257.86,100
2381,09:36:18,3257.445,100
2382,09:36:18,3258.305,100
2383,09:36:16,3255.7491,1000
2384,09:36:16,3256.335,100
2385,09:36:15,3256.34,100
2386,09:36:15,3256.34,100
2387,09:36:15,3256.38,100
2388,09:36:15,3256.38,100
2389,09:36:15,3256.38,100
2390,09:36:15,3256.615,200
2391,09:36:15,3256.38,100
2392,09:36:15,3255.21,192
2393,09:36:15,3256.345,100
2394,09:36:15,3256.13,100
2395,09:36:15,3255.1001,1000
2396,09:36:14,3257.415,100
2397,09:36:13,3257.19,100
2398,09:36:13,3256.51,100
2399,09:36:13,3256.61,100
2400,09:36:24,3257.86,100
2401,09:36:18,3257.445,100
2402,09:36:18,3258.305,100
2403,09:36:16,3255.7491,1000
2404,09:36:16,3256.335,100
2405,09:36:15,3256.34,100
2406,09:36:15,3256.34,100
2407,09:36:15,3256.38,100
2408,09:36:15,3256.38,100
2409,09:36:15,3256.38,100
2410,09:36:15,3256.615,200
2411,09:36:15,3256.38,100
2412,09:36:15,3255.21,192
2413,09:36:15,3256.345,100
2414,09:36:15,3256.13,100
2415,09:36:15,3255.1001,1000
2416,09:36:14,3257.415,100
2417,09:36:13,3257.19,100
2418,09:36:13,3256.51,100
2419,09:36:13,3256.61,100
2420,09:36:10,3257.955,100
2421,09:36:10,3257.955,500
2422,09:36:10,3256.5001,400
2423,09:36:10,3257.955,100
2424,09:36:10,3257.955,100
2425,09:36:09,3257.955,1000
2426,09:36:09,3256.01,100
2427,09:36:07,3258.385,100
2428,09:36:07,3257.35,100
2429,09:36:05,3259.055,100
2430,09:36:03,3258.99,800
2431,09:36:03,3258.99,200
2432,09:36:03,3259.69,100
2433,09:36:03,3259.69,100
2434,09:36:03,3259.67,100
2435,09:36:03,3259.69,100
2436,09:36:03,3258.99,100
2437,09:36:02,3259.9973,1000
2438,09:36:02,3259.815,100
2439,09:36:02,3260.0,100
2440,09:36:10,3257.955,100
2441,09:36:10,3257.955,500
2442,09:36:10,3256.5001,400
2443,09:36:10,3257.955,100
2444,09:36:10,3257.955,100
2445,09:36:09,3257.955,1000
2446,09:36:09,3256.01,100
2447,09:36:07,3258.385,100
2448,09:36:07,3257.35,100
2449,09:36:05,3259.055,100
2450,09:36:03,3258.99,800
2451,09:36:03,3258.99,200
2452,09:36:03,3259.69,100
2453,09:36:03,3259.69,100
2454,09:36:03,3259.67,100
2455,09:36:03,3259.69,100
2456,09:36:03,3258.99,100
2457,09:36:02,3259.9973,1000
2458,09:36:02,3259.815,100
2459,09:36:02,3260.0,100
2460,09:36:02,3259.995,100
2461,09:36:01,3259.875,100
2462,09:36:01,3260.0,100
2463,09:36:01,3259.965,100
2464,09:36:01,3260.0,100
2465,09:36:01,3261.01,100
2466,09:36:01,3261.3099,1000
2467,09:36:00,3261.3933,1000
2468,09:35:56,3260.54,100
2469,09:35:56,3259.66,100
2470,09:35:55,3260.4099,500
2471,09:35:52,3259.93,100
2472,09:35:51,3259.98,100
2473,09:35:51,3260.0,100
2474,09:35:51,3259.94,100
2475,09:35:51,3259.955,100
2476,09:35:45,3260.528,997
2477,09:35:44,3263.125,1000
2478,09:35:43,3262.11,100
2479,09:35:41,3264.08,100
2480,09:36:02,3259.995,100
2481,09:36:01,3259.875,100
2482,09:36:01,3260.0,100
2483,09:36:01,3259.965,100
2484,09:36:01,3260.0,100
2485,09:36:01,3261.01,100
2486,09:36:01,3261.3099,1000
2487,09:36:00,3261.3933,1000
2488,09:35:56,3260.54,100
2489,09:35:56,3259.66,100
2490,09:35:55,3260.4099,500
2491,09:35:52,3259.93,100
2492,09:35:51,3259.98,100
2493,09:35:51,3260.0,100
2494,09:35:51,3259.94,100
2495,09:35:51,3259.955,100
2496,09:35:45,3260.528,997
2497,09:35:44,3263.125,1000
2498,09:35:43,3262.11,100
2499,09:35:41,3264.08,100
2500,09:35:37,3264.88,100
2501,09:35:37,3264.38,100
2502,09:35:37,3263.97,100
2503,09:35:37,3263.54,100
2504,09:35:34,3261.7487,1000
2505,09:35:30,3260.55,100
2506,09:35:29,3261.44,100
2507,09:35:29,3261.95,100
2508,09:35:25,3263.6,100
2509,09:35:25,3262.95,100
2510,09:35:25,3263.92,100
2511,09:35:23,3263.33,100
2512,09:35:23,3263.98,100
2513,09:35:23,3263.91,100
2514,09:35:21,3263.6,400
2515,09:35:21,3263.58,100
2516,09:35:21,3263.58,100
2517,09:35:21,3263.37,400
2518,09:35:14,3263.94,100
2519,09:35:14,3263.65,100
2520,09:35:37,3264.88,100
2521,09:35:37,3264.38,100
2522,09:35:37,3263.97,100
2523,09:35:37,3263.54,100
2524,09:35:34,3261.7487,1000
2525,09:35:30,3260.55,100
2526,09:35:29,3261.44,100
2527,09:35:29,3261.95,100
2528,09:35:25,3263.6,100
2529,09:35:25,3262.95,100
2530,09:35:25,3263.92,100
2531,09:35:23,3263.33,100
2532,09:35:23,3263.98,100
2533,09:35:23,3263.91,100
2534,09:35:21,3263.6,400
2535,09:35:21,3263.58,100
2536,09:35:21,3263.58,100
2537,09:35:21,3263.37,400
2538,09:35:14,3263.94,100
2539,09:35:14,3263.65,100
2540,09:35:14,3262.85,100
2541,09:35:05,3259.94,100
2542,09:35:05,3259.32,100
2543,09:34:55,3259.1756,809
2544,09:34:55,3259.1756,117
2545,09:34:51,3257.35,100
2546,09:34:51,3259.16,100
2547,09:34:51,3260.565,100
2548,09:34:41,3263.8424,1000
2549,09:34:41,3262.02,1000
2550,09:34:40,3259.17,100
2551,09:34:40,3259.17,100
2552,09:34:40,3260.595,1000
2553,09:34:39,3260.59,100
2554,09:34:39,3260.85,100
2555,09:34:39,3259.95,100
2556,09:34:39,3260.05,100
2557,09:34:39,3260.05,100
2558,09:34:39,3260.05,100
2559,09:34:39,3260.05,100
2560,09:35:14,3262.85,100
2561,09:35:05,3259.94,100
2562,09:35:05,3259.32,100
2563,09:34:55,3259.1756,809
2564,09:34:55,3259.1756,117
2565,09:34:51,3257.35,100
2566,09:34:51,3259.16,100
2567,09:34:51,3260.565,100
2568,09:34:41,3263.8424,1000
2569,09:34:41,3262.02,1000
2570,09:34:40,3259.17,100
2571,09:34:40,3259.17,100
2572,09:34:40,3260.595,1000
2573,09:34:39,3260.59,100
2574,09:34:39,3260.85,100
2575,09:34:39,3259.95,100
2576,09:34:39,3260.05,100
2577,09:34:39,3260.05,100
2578,09:34:39,3260.05,100
2579,09:34:39,3260.05,100
2580,09:34:39,3260.05,100
2581,09:34:39,3260.05,100
2582,09:34:39,3260.05,100
2583,09:34:39,3260.05,100
2584,09:34:38,3259.95,100
2585,09:34:35,3258.0,100
2586,09:34:28,3256.505,100
2587,09:34:22,3254.1865,543
2588,09:34:22,3254.0,100
2589,09:34:22,3257.8279,100
2590,09:34:21,3253.82,100
2591,09:34:21,3255.0,100
2592,09:34:20,3256.53,100
2593,09:34:20,3256.53,100
2594,09:34:20,3256.52,100
2595,09:34:20,3256.02,700
2596,09:34:20,3256.52,100
2597,09:34:20,3256.02,100
2598,09:34:20,3256.81,100
2599,09:34:20,3256.31,100
2600,09:34:39,3260.05,100
2601,09:34:39,3260.05,100
2602,09:34:39,3260.05,100
2603,09:34:39,3260.05,100
2604,09:34:38,3259.95,100
2605,09:34:35,3258.0,100
2606,09:34:28,3256.505,100
2607,09:34:22,3254.1865,543
2608,09:34:22,3254.0,100
2609,09:34:22,3257.8279,100
2610,09:34:21,3253.82,100
2611,09:34:21,3255.0,100
2612,09:34:20,3256.53,100
2613,09:34:20,3256.53,100
2614,09:34:20,3256.52,100
2615,09:34:20,3256.02,700
2616,09:34:20,3256.52,100
2617,09:34:20,3256.02,100
2618,09:34:20,3256.81,100
2619,09:34:20,3256.31,100
2620,09:34:20,3258.0,121
2621,09:34:19,3258.5039,378
2622,09:34:19,3260.1,100
2623,09:34:19,3260.109,100
2624,09:34:19,3259.59,100
2625,09:34:19,3260.1,100
2626,09:34:19,3259.6,100
2627,09:34:19,3259.62,100
2628,09:34:17,3260.02,400
2629,09:34:17,3259.469,295
2630,09:34:17,3259.55,100
2631,09:34:16,3261.41,1000
2632,09:34:16,3261.41,165
2633,09:34:15,3261.41,1000
2634,09:34:15,3261.18,100
2635,09:34:15,3261.18,100
2636,09:34:15,3260.0,100
2637,09:34:15,3261.23,100
2638,09:34:15,3261.22,100
2639,09:34:15,3261.18,100
2640,09:34:20,3258.0,121
2641,09:34:19,3258.5039,378
2642,09:34:19,3260.1,100
2643,09:34:19,3260.109,100
2644,09:34:19,3259.59,100
2645,09:34:19,3260.1,100
2646,09:34:19,3259.6,100
2647,09:34:19,3259.62,100
2648,09:34:17,3260.02,400
2649,09:34:17,3259.469,295
2650,09:34:17,3259.55,100
2651,09:34:16,3261.41,1000
2652,09:34:16,3261.41,165
2653,09:34:15,3261.41,1000
2654,09:34:15,3261.18,100
2655,09:34:15,3261.18,100
2656,09:34:15,3260.0,100
2657,09:34:15,3261.23,100
2658,09:34:15,3261.22,100
2659,09:34:15,3261.18,100
2660,09:34:15,3261.23,100
2661,09:34:07,3260.9043,126
2662,09:34:04,3263.445,100
2663,09:34:04,3264.15,100
2664,09:34:04,3264.325,100
2665,09:34:02,3264.325,100
2666,09:34:00,3265.05,100
2667,09:33:55,3265.9,100
2668,09:33:54,3266.95,100
2669,09:33:54,3266.95,100
2670,09:33:49,3263.12,300
2671,09:33:49,3263.28,100
2672,09:33:49,3262.78,100
2673,09:33:49,3262.355,100
2674,09:33:49,3263.86,100
2675,09:33:49,3263.09,300
2676,09:33:47,3264.6835,118
2677,09:33:45,3264.86,100
2678,09:33:43,3265.97,100
2679,09:33:43,3265.0975,100
2680,09:34:15,3261.23,100
2681,09:34:07,3260.9043,126
2682,09:34:04,3263.445,100
2683,09:34:04,3264.15,100
2684,09:34:04,3264.325,100
2685,09:34:02,3264.325,100
2686,09:34:00,3265.05,100
2687,09:33:55,3265.9,100
2688,09:33:54,3266.95,100
2689,09:33:54,3266.95,100
2690,09:33:49,3263.12,300
2691,09:33:49,3263.28,100
2692,09:33:49,3262.78,100
2693,09:33:49,3262.355,100
2694,09:33:49,3263.86,100
2695,09:33:49,3263.09,300
2696,09:33:47,3264.6835,118
2697,09:33:45,3264.86,100
2698,09:33:43,3265.97,100
2699,09:33:43,3265.0975,100
2700,09:33:43,3264.4875,100
2701,09:33:43,3264.195,100
2702,09:33:43,3264.195,100
2703,09:33:43,3264.66,100
2704,09:33:43,3265.83,100
2705,09:33:43,3265.245,100
2706,09:33:43,3265.83,100
2707,09:33:43,3265.65,100
2708,09:33:43,3263.84,100
2709,09:33:43,3263.85,182
2710,09:33:42,3263.62,100
2711,09:33:42,3263.62,100
2712,09:33:42,3263.7,100
2713,09:33:42,3262.305,100
2714,09:33:42,3262.305,100
2715,09:33:42,3262.305,100
2716,09:33:42,3263.62,100
2717,09:33:42,3262.295,100
2718,09:33:41,3262.0423,250
2719,09:33:39,3263.3473,311
2720,09:33:43,3264.4875,100
2721,09:33:43,3264.195,100
2722,09:33:43,3264.195,100
2723,09:33:43,3264.66,100
2724,09:33:43,3265.83,100
2725,09:33:43,3265.245,100
2726,09:33:43,3265.83,100
2727,09:33:43,3265.65,100
2728,09:33:43,3263.84,100
2729,09:33:43,3263.85,182
2730,09:33:42,3263.62,100
2731,09:33:42,3263.62,100
2732,09:33:42,3263.7,100
2733,09:33:42,3262.305,100
2734,09:33:42,3262.305,100
2735,09:33:42,3262.305,100
2736,09:33:42,3263.62,100
2737,09:33:42,3262.295,100
2738,09:33:41,3262.0423,250
2739,09:33:39,3263.3473,311
2740,09:33:39,3262.42,292
2741,09:33:39,3262.92,100
2742,09:33:39,3262.42,100
2743,09:33:39,3262.92,292
2744,09:33:39,3261.84,100
2745,09:33:39,3261.82,100
2746,09:33:39,3262.32,100
2747,09:33:39,3262.34,100
2748,09:33:39,3261.78,113
2749,09:33:39,3261.71,100
2750,09:33:39,3261.78,100
2751,09:33:39,3261.03,100
2752,09:33:38,3261.75,100
2753,09:33:37,3260.7,100
2754,09:33:37,3260.65,199
2755,09:33:32,3259.0,100
2756,09:33:29,3260.3048,2000
2757,09:33:29,3259.34,1000
2758,09:33:28,3258.08,100
2759,09:33:28,3258.215,100
2760,09:33:39,3262.42,292
2761,09:33:39,3262.92,100
2762,09:33:39,3262.42,100
2763,09:33:39,3262.92,292
2764,09:33:39,3261.84,100
2765,09:33:39,3261.82,100
2766,09:33:39,3262.32,100
2767,09:33:39,3262.34,100
2768,09:33:39,3261.78,113
2769,09:33:39,3261.71,100
2770,09:33:39,3261.78,100
2771,09:33:39,3261.03,100
2772,09:33:38,3261.75,100
2773,09:33:37,3260.7,100
2774,09:33:37,3260.65,199
2775,09:33:32,3259.0,100
2776,09:33:29,3260.3048,2000
2777,09:33:29,3259.34,1000
2778,09:33:28,3258.08,100
2779,09:33:28,3258.215,100
2780,09:33:28,3259.4647,100
2781,09:33:23,3261.0,193
2782,09:33:22,3260.27,100
2783,09:33:22,3261.0,100
2784,09:33:22,3261.0,790
2785,09:33:20,3260.82,100
2786,09:33:17,3260.065,100
2787,09:33:17,3260.29,100
2788,09:33:16,3263.81,100
2789,09:33:14,3262.67,100
2790,09:33:13,3264.625,100
2791,09:33:13,3261.45,100
2792,09:33:13,3261.45,100
2793,09:33:13,3260.5,172
2794,09:33:13,3261.8,100
2795,09:33:13,3261.3,100
2796,09:33:13,3261.86,100
2797,09:33:13,3261.82,100
2798,09:33:13,3261.86,100
2799,09:33:13,3261.81,138
2800,09:33:28,3259.4647,100
2801,09:33:23,3261.0,193
2802,09:33:22,3260.27,100
2803,09:33:22,3261.0,100
2804,09:33:22,3261.0,790
2805,09:33:20,3260.82,100
2806,09:33:17,3260.065,100
2807,09:33:17,3260.29,100
2808,09:33:16,3263.81,100
2809,09:33:14,3262.67,100
2810,09:33:13,3264.625,100
2811,09:33:13,3261.45,100
2812,09:33:13,3261.45,100
2813,09:33:13,3260.5,172
2814,09:33:13,3261.8,100
2815,09:33:13,3261.3,100
2816,09:33:13,3261.86,100
2817,09:33:13,3261.82,100
2818,09:33:13,3261.86,100
2819,09:33:13,3261.81,138
2820,09:33:13,3261.31,138
2821,09:33:13,3261.36,100
2822,09:33:13,3261.575,100
2823,09:33:13,3263.58,100
2824,09:33:13,3261.34,200
2825,09:33:13,3263.31,100
2826,09:33:12,3263.0525,100
2827,09:33:12,3263.0725,100
2828,09:33:12,3262.1,100
2829,09:33:12,3262.34,100
2830,09:33:12,3262.7,100
2831,09:33:12,3262.4,100
2832,09:33:12,3262.1,100
2833,09:33:12,3262.84,100
2834,09:33:12,3262.42,100
2835,09:33:12,3262.72,100
2836,09:33:12,3262.92,100
2837,09:33:12,3263.104,100
2838,09:33:12,3262.34,100
2839,09:33:12,3261.6,100
2840,09:33:13,3261.31,138
2841,09:33:13,3261.36,100
2842,09:33:13,3261.575,100
2843,09:33:13,3263.58,100
2844,09:33:13,3261.34,200
2845,09:33:13,3263.31,100
2846,09:33:12,3263.0525,100
2847,09:33:12,3263.0725,100
2848,09:33:12,3262.1,100
2849,09:33:12,3262.34,100
2850,09:33:12,3262.7,100
2851,09:33:12,3262.4,100
2852,09:33:12,3262.1,100
2853,09:33:12,3262.84,100
2854,09:33:12,3262.42,100
2855,09:33:12,3262.72,100
2856,09:33:12,3262.92,100
2857,09:33:12,3263.104,100
2858,09:33:12,3262.34,100
2859,09:33:12,3261.6,100
2860,09:33:12,3261.9,100
2861,09:33:12,3262.2,100
2862,09:33:09,3261.7,100
2863,09:33:09,3261.41,100
2864,09:33:09,3261.7,100
2865,09:33:08,3261.7,1000
2866,09:33:08,3261.7,100
2867,09:33:08,3260.0,100
2868,09:33:08,3260.7613,613
2869,09:33:08,3261.7,100
2870,09:33:08,3261.7,237
2871,09:33:06,3261.7,100
2872,09:33:06,3261.7,100
2873,09:33:06,3262.38,100
2874,09:33:06,3261.44,100
2875,09:33:06,3261.94,100
2876,09:33:05,3262.455,100
2877,09:33:05,3262.455,200
2878,09:33:03,3262.23,100
2879,09:33:03,3262.37,100
2880,09:33:12,3261.9,100
2881,09:33:12,3262.2,100
2882,09:33:09,3261.7,100
2883,09:33:09,3261.41,100
2884,09:33:09,3261.7,100
2885,09:33:08,3261.7,1000
2886,09:33:08,3261.7,100
2887,09:33:08,3260.0,100
2888,09:33:08,3260.7613,613
2889,09:33:08,3261.7,100
2890,09:33:08,3261.7,237
2891,09:33:06,3261.7,100
2892,09:33:06,3261.7,100
2893,09:33:06,3262.38,100
2894,09:33:06,3261.44,100
2895,09:33:06,3261.94,100
2896,09:33:05,3262.455,100
2897,09:33:05,3262.455,200
2898,09:33:03,3262.23,100
2899,09:33:03,3262.37,100
2900,09:33:03,3262.455,100
2901,09:33:03,3262.4275,100
2902,09:33:00,3265.2899,100
2903,09:32:59,3260.516,1000
2904,09:32:59,3263.46,100
2905,09:32:59,3263.68,100
2906,09:32:58,3263.4,167
2907,09:32:58,3263.37,100
2908,09:32:58,3263.4,120
2909,09:32:57,3265.185,100
2910,09:32:57,3265.185,100
2911,09:32:57,3265.185,300
2912,09:32:57,3265.185,100
2913,09:32:57,3265.19,161
2914,09:32:57,3265.185,100
2915,09:32:56,3265.29,400
2916,09:32:56,3265.185,100
2917,09:32:56,3265.185,100
2918,09:32:56,3265.185,100
2919,09:32:56,3265.185,100
2920,09:33:03,3262.455,100
2921,09:33:03,3262.4275,100
2922,09:33:00,3265.2899,100
2923,09:32:59,3260.516,1000
2924,09:32:59,3263.46,100
2925,09:32:59,3263.68,100
2926,09:32:58,3263.4,167
2927,09:32:58,3263.37,100
2928,09:32:58,3263.4,120
2929,09:32:57,3265.185,100
2930,09:32:57,3265.185,100
2931,09:32:57,3265.185,300
2932,09:32:57,3265.185,100
2933,09:32:57,3265.19,161
2934,09:32:57,3265.185,100
2935,09:32:56,3265.29,400
2936,09:32:56,3265.185,100
2937,09:32:56,3265.185,100
2938,09:32:56,3265.185,100
2939,09:32:56,3265.185,100
2940,09:32:56,3265.185,100
2941,09:32:56,3265.185,100
2942,09:32:56,3265.185,100
2943,09:32:56,3264.4,100
2944,09:32:56,3264.4,100
2945,09:32:56,3264.49,100
2946,09:32:55,3262.9872,100
2947,09:32:53,3264.035,100
2948,09:32:53,3263.695,139
2949,09:32:53,3263.69,100
2950,09:32:53,3264.805,100
2951,09:32:53,3264.0,100
2952,09:32:53,3263.285,100
2953,09:32:52,3262.07,100
2954,09:32:49,3262.3,200
2955,09:32:48,3262.3,300
2956,09:32:46,3262.08,100
2957,09:32:46,3262.08,300
2958,09:32:46,3262.08,100
2959,09:32:46,3262.08,200
2960,09:32:56,3265.185,100
2961,09:32:56,3265.185,100
2962,09:32:56,3265.185,100
2963,09:32:56,3264.4,100
2964,09:32:56,3264.4,100
2965,09:32:56,3264.49,100
2966,09:32:55,3262.9872,100
2967,09:32:53,3264.035,100
2968,09:32:53,3263.695,139
2969,09:32:53,3263.69,100
2970,09:32:53,3264.805,100
2971,09:32:53,3264.0,100
2972,09:32:53,3263.285,100
2973,09:32:52,3262.07,100
2974,09:32:49,3262.3,200
2975,09:32:48,3262.3,300
2976,09:32:46,3262.08,100
2977,09:32:46,3262.08,300
2978,09:32:46,3262.08,100
2979,09:32:46,3262.08,200
2980,09:32:46,3262.08,200
2981,09:32:46,3262.23,100
2982,09:32:45,3261.655,100
2983,09:32:45,3262.17,100
2984,09:32:45,3261.945,200
2985,09:32:45,3262.38,100
2986,09:32:45,3262.17,100
2987,09:32:45,3262.17,300
2988,09:32:44,3260.92,100
2989,09:32:44,3260.92,100
2990,09:32:44,3261.155,100
2991,09:32:44,3261.13,100
2992,09:32:44,3262.01,100
2993,09:32:44,3260.015,1000
2994,09:32:43,3260.015,100
2995,09:32:43,3261.0,100
2996,09:32:43,3261.05,100
2997,09:32:43,3259.585,100
2998,09:32:43,3261.05,274
2999,09:32:43,3260.33,382
3000,09:32:46,3262.08,200
3001,09:32:46,3262.23,100
3002,09:32:45,3261.655,100
3003,09:32:45,3262.17,100
3004,09:32:45,3261.945,200
3005,09:32:45,3262.38,100
3006,09:32:45,3262.17,100
3007,09:32:45,3262.17,300
3008,09:32:44,3260.92,100
3009,09:32:44,3260.92,100
3010,09:32:44,3261.155,100
3011,09:32:44,3261.13,100
3012,09:32:44,3262.01,100
3013,09:32:44,3260.015,1000
3014,09:32:43,3260.015,100
3015,09:32:43,3261.0,100
3016,09:32:43,3261.05,100
3017,09:32:43,3259.585,100
3018,09:32:43,3261.05,274
3019,09:32:43,3260.33,382
3020,09:32:43,3259.6942,979
3021,09:32:42,3259.42,100
3022,09:32:42,3259.84,100
3023,09:32:42,3260.28,100
3024,09:32:41,3258.935,100
3025,09:32:41,3258.935,100
3026,09:32:41,3259.0725,100
3027,09:32:41,3259.8,100
3028,09:32:41,3259.85,100
3029,09:32:41,3259.85,100
3030,09:32:41,3259.8,100
3031,09:32:41,3259.56,100
3032,09:32:41,3259.85,100
3033,09:32:41,3259.8,166
3034,09:32:40,3258.91,200
3035,09:32:40,3258.91,200
3036,09:32:40,3259.56,100
3037,09:32:40,3258.91,100
3038,09:32:40,3259.79,125
3039,09:32:38,3259.0,200
3040,09:32:43,3259.6942,979
3041,09:32:42,3259.42,100
3042,09:32:42,3259.84,100
3043,09:32:42,3260.28,100
3044,09:32:41,3258.935,100
3045,09:32:41,3258.935,100
3046,09:32:41,3259.0725,100
3047,09:32:41,3259.8,100
3048,09:32:41,3259.85,100
3049,09:32:41,3259.85,100
3050,09:32:41,3259.8,100
3051,09:32:41,3259.56,100
3052,09:32:41,3259.85,100
3053,09:32:41,3259.8,166
3054,09:32:40,3258.91,200
3055,09:32:40,3258.91,200
3056,09:32:40,3259.56,100
3057,09:32:40,3258.91,100
3058,09:32:40,3259.79,125
3059,09:32:38,3259.0,200
3060,09:32:36,3259.47,100
3061,09:32:34,3260.095,100
3062,09:32:34,3260.4075,100
3063,09:32:34,3260.095,100
3064,09:32:34,3260.095,100
3065,09:32:34,3260.1775,100
3066,09:32:34,3261.0,100
3067,09:32:34,3261.0,100
3068,09:32:34,3261.02,100
3069,09:32:33,3258.78,100
3070,09:32:32,3259.68,129
3071,09:32:29,3259.305,100
3072,09:32:29,3258.755,300
3073,09:32:29,3259.51,100
3074,09:32:29,3258.21,100
3075,09:32:28,3259.5824,100
3076,09:32:26,3259.01,100
3077,09:32:25,3258.23,100
3078,09:32:24,3261.13,300
3079,09:32:23,3260.1307,113
3080,09:32:36,3259.47,100
3081,09:32:34,3260.095,100
3082,09:32:34,3260.4075,100
3083,09:32:34,3260.095,100
3084,09:32:34,3260.095,100
3085,09:32:34,3260.1775,100
3086,09:32:34,3261.0,100
3087,09:32:34,3261.0,100
3088,09:32:34,3261.02,100
3089,09:32:33,3258.78,100
3090,09:32:32,3259.68,129
3091,09:32:29,3259.305,100
3092,09:32:29,3258.755,300
3093,09:32:29,3259.51,100
3094,09:32:29,3258.21,100
3095,09:32:28,3259.5824,100
3096,09:32:26,3259.01,100
3097,09:32:25,3258.23,100
3098,09:32:24,3261.13,300
3099,09:32:23,3260.1307,113
3100,09:32:23,3258.09,100
3101,09:32:23,3258.3,100
3102,09:32:23,3261.015,100
3103,09:32:23,3261.015,100
3104,09:32:22,3258.3,100
3105,09:32:22,3258.31,100
3106,09:32:21,3262.221,100
3107,09:32:21,3260.47,100
3108,09:32:21,3260.0,172
3109,09:32:21,3260.6,100
3110,09:32:21,3260.42,100
3111,09:32:21,3260.42,200
3112,09:32:21,3260.42,100
3113,09:32:20,3262.225,100
3114,09:32:20,3262.225,200
3115,09:32:16,3262.2725,100
3116,09:32:15,3262.04,150
3117,09:32:13,3263.78,100
3118,09:32:11,3262.25,100
3119,09:32:09,3262.29,100
3120,09:32:23,3258.09,100
3121,09:32:23,3258.3,100
3122,09:32:23,3261.015,100
3123,09:32:23,3261.015,100
3124,09:32:22,3258.3,100
3125,09:32:22,3258.31,100
3126,09:32:21,3262.221,100
3127,09:32:21,3260.47,100
3128,09:32:21,3260.0,172
3129,09:32:21,3260.6,100
3130,09:32:21,3260.42,100
3131,09:32:21,3260.42,200
3132,09:32:21,3260.42,100
3133,09:32:20,3262.225,100
3134,09:32:20,3262.225,200
3135,09:32:16,3262.2725,100
3136,09:32:15,3262.04,150
3137,09:32:13,3263.78,100
3138,09:32:11,3262.25,100
3139,09:32:09,3262.29,100
3140,09:32:06,3263.245,100
3141,09:32:05,3263.2,100
3142,09:32:02,3262.1401,200
3143,09:32:01,3265.08,100
3144,09:32:01,3265.19,100
3145,09:31:59,3263.55,136
3146,09:31:53,3266.01,100
3147,09:31:51,3266.62,120
3148,09:31:48,3266.5,200
3149,09:31:48,3266.5,100
3150,09:31:48,3267.0,134
3151,09:31:48,3266.89,100
3152,09:31:47,3268.34,100
3153,09:31:46,3268.495,100
3154,09:31:46,3268.53,100
3155,09:31:45,3268.5175,100
3156,09:31:45,3268.495,100
3157,09:31:45,3269.14,100
3158,09:31:42,3267.98,100
3159,09:31:42,3267.95,100
3160,09:32:06,3263.245,100
3161,09:32:05,3263.2,100
3162,09:32:02,3262.1401,200
3163,09:32:01,3265.08,100
3164,09:32:01,3265.19,100
3165,09:31:59,3263.55,136
3166,09:31:53,3266.01,100
3167,09:31:51,3266.62,120
3168,09:31:48,3266.5,200
3169,09:31:48,3266.5,100
3170,09:31:48,3267.0,134
3171,09:31:48,3266.89,100
3172,09:31:47,3268.34,100
3173,09:31:46,3268.495,100
3174,09:31:46,3268.53,100
3175,09:31:45,3268.5175,100
3176,09:31:45,3268.495,100
3177,09:31:45,3269.14,100
3178,09:31:42,3267.98,100
3179,09:31:42,3267.95,100
3180,09:31:42,3269.56,139
3181,09:31:38,3269.63,100
3182,09:31:35,3269.845,100
3183,09:31:32,3267.22,100
3184,09:31:32,3266.09,100
3185,09:31:31,3267.21,100
3186,09:31:30,3267.46,100
3187,09:31:28,3268.42,100
3188,09:31:28,3268.42,100
3189,09:31:26,3268.3758,100
3190,09:31:26,3269.3633,175
3191,09:31:25,3269.84,137
3192,09:31:25,3268.22,200
3193,09:31:23,3271.7,100
3194,09:31:18,3269.14,100
3195,09:31:18,3268.5,278
3196,09:31:18,3270.01,184
3197,09:31:18,3271.02,100
3198,09:31:18,3270.06,100
3199,09:31:14,3271.6283,200
3200,09:31:42,3269.56,139
3201,09:31:38,3269.63,100
3202,09:31:35,3269.845,100
3203,09:31:32,3267.22,100
3204,09:31:32,3266.09,100
3205,09:31:31,3267.21,100
3206,09:31:30,3267.46,100
3207,09:31:28,3268.42,100
3208,09:31:28,3268.42,100
3209,09:31:26,3268.3758,100
3210,09:31:26,3269.3633,175
3211,09:31:25,3269.84,137
3212,09:31:25,3268.22,200
3213,09:31:23,3271.7,100
3214,09:31:18,3269.14,100
3215,09:31:18,3268.5,278
3216,09:31:18,3270.01,184
3217,09:31:18,3271.02,100
3218,09:31:18,3270.06,100
3219,09:31:14,3271.6283,200
3220,09:31:13,3270.37,100
3221,09:31:06,3272.275,100
3222,09:31:05,3272.96,100
3223,09:31:04,3272.8137,250
3224,09:31:03,3272.02,100
3225,09:31:01,3270.26,100
3226,09:30:59,3271.085,100
3227,09:30:58,3272.555,100
3228,09:30:57,3273.105,100
3229,09:30:56,3273.005,250
3230,09:30:56,3273.01,200
3231,09:30:54,3273.005,199
3232,09:30:54,3273.045,100
3233,09:30:53,3271.6,100
3234,09:30:52,3273.76,100
3235,09:30:51,3273.14,100
3236,09:30:51,3273.015,100
3237,09:30:48,3272.49,100
3238,09:30:48,3272.37,100
3239,09:30:48,3272.9425,100
3240,09:31:13,3270.37,100
3241,09:31:06,3272.275,100
3242,09:31:05,3272.96,100
3243,09:31:04,3272.8137,250
3244,09:31:03,3272.02,100
3245,09:31:01,3270.26,100
3246,09:30:59,3271.085,100
3247,09:30:58,3272.555,100
3248,09:30:57,3273.105,100
3249,09:30:56,3273.005,250
3250,09:30:56,3273.01,200
3251,09:30:54,3273.005,199
3252,09:30:54,3273.045,100
3253,09:30:53,3271.6,100
3254,09:30:52,3273.76,100
3255,09:30:51,3273.14,100
3256,09:30:51,3273.015,100
3257,09:30:48,3272.49,100
3258,09:30:48,3272.37,100
3259,09:30:48,3272.9425,100
3260,09:30:48,3273.0,100
3261,09:30:48,3272.45,100
3262,09:30:48,3272.645,100
3263,09:30:48,3272.37,100
3264,09:30:48,3272.37,100
3265,09:30:48,3272.37,100
3266,09:30:48,3272.37,100
3267,09:30:48,3273.125,100
3268,09:30:48,3272.8,100
3269,09:30:48,3272.0,100
3270,09:30:47,3272.37,200
3271,09:30:43,3272.055,100
3272,09:30:43,3272.055,200
3273,09:30:43,3272.33,100
3274,09:30:43,3272.2425,100
3275,09:30:40,3272.25,100
3276,09:30:40,3271.96,100
3277,09:30:40,3272.28,100
3278,09:30:40,3271.39,100
3279,09:30:40,3272.26,100
3280,09:30:48,3273.0,100
3281,09:30:48,3272.45,100
3282,09:30:48,3272.645,100
3283,09:30:48,3272.37,100
3284,09:30:48,3272.37,100
3285,09:30:48,3272.37,100
3286,09:30:48,3272.37,100
3287,09:30:48,3273.125,100
3288,09:30:48,3272.8,100
3289,09:30:48,3272.0,100
3290,09:30:47,3272.37,200
3291,09:30:43,3272.055,100
3292,09:30:43,3272.055,200
3293,09:30:43,3272.33,100
3294,09:30:43,3272.2425,100
3295,09:30:40,3272.25,100
3296,09:30:40,3271.96,100
3297,09:30:40,3272.28,100
3298,09:30:40,3271.39,100
3299,09:30:40,3272.26,100
3300,09:30:39,3271.0,300
3301,09:30:39,3271.22,193
3302,09:30:39,3271.22,107
3303,09:30:36,3273.035,100
3304,09:30:36,3273.028,100
3305,09:30:35,3273.11,200
3306,09:30:34,3272.56,100
3307,09:30:34,3272.56,100
3308,09:30:34,3273.105,100
3309,09:30:34,3273.11,200
3310,09:30:34,3273.11,200
3311,09:30:34,3273.11,200
3312,09:30:34,3273.11,200
3313,09:30:34,3273.11,200
3314,09:30:32,3272.61,200
3315,09:30:32,3272.585,100
3316,09:30:32,3272.585,100
3317,09:30:32,3273.24,100
3318,09:30:32,3272.355,100
3319,09:30:32,3272.585,100
3320,09:30:39,3271.0,300
3321,09:30:39,3271.22,193
3322,09:30:39,3271.22,107
3323,09:30:36,3273.035,100
3324,09:30:36,3273.028,100
3325,09:30:35,3273.11,200
3326,09:30:34,3272.56,100
3327,09:30:34,3272.56,100
3328,09:30:34,3273.105,100
3329,09:30:34,3273.11,200
3330,09:30:34,3273.11,200
3331,09:30:34,3273.11,200
3332,09:30:34,3273.11,200
3333,09:30:34,3273.11,200
3334,09:30:32,3272.61,200
3335,09:30:32,3272.585,100
3336,09:30:32,3272.585,100
3337,09:30:32,3273.24,100
3338,09:30:32,3272.355,100
3339,09:30:32,3272.585,100
3340,09:30:32,3272.585,100
3341,09:30:32,3273.51,100
3342,09:30:32,3272.355,100
3343,09:30:32,3273.51,100
3344,09:30:32,3273.44,100
3345,09:30:32,3273.49,100
3346,09:30:32,3273.49,100
3347,09:30:32,3273.49,100
3348,09:30:32,3273.49,102
3349,09:30:32,3273.34,100
3350,09:30:28,3271.64,100
3351,09:30:28,3272.05,100
3352,09:30:26,3272.95,100
3353,09:30:26,3273.13,100
3354,09:30:23,3273.11,100
3355,09:30:18,3276.43,100
3356,09:30:16,3277.8599,100
3357,09:30:13,3277.41,100
3358,09:30:08,3279.08,100
3359,09:30:06,3278.0,100
3360,09:30:32,3272.585,100
3361,09:30:32,3273.51,100
3362,09:30:32,3272.355,100
3363,09:30:32,3273.51,100
3364,09:30:32,3273.44,100
3365,09:30:32,3273.49,100
3366,09:30:32,3273.49,100
3367,09:30:32,3273.49,100
3368,09:30:32,3273.49,102
3369,09:30:32,3273.34,100
3370,09:30:28,3271.64,100
3371,09:30:28,3272.05,100
3372,09:30:26,3272.95,100
3373,09:30:26,3273.13,100
3374,09:30:23,3273.11,100
3375,09:30:18,3276.43,100
3376,09:30:16,3277.8599,100
3377,09:30:13,3277.41,100
3378,09:30:08,3279.08,100
3379,09:30:06,3278.0,100
3380,09:30:06,3278.0,115
3381,09:30:06,3279.205,200
3382,09:30:05,3280.85,100
3383,09:30:05,3279.45,100
3384,09:30:04,3280.01,100
3385,09:30:04,3279.93,100
3386,09:30:04,3279.93,100
3387,09:30:04,3280.0,100
3388,09:30:04,3280.85,125
3389,09:30:04,3280.85,100
3390,09:30:03,3282.0,100
3391,09:30:02,3282.025,100
3392,09:30:02,3282.025,100
3393,09:30:02,3281.525,200
3394,09:30:02,3281.525,100
3395,09:30:01,3282.525,100
3396,09:30:01,3281.525,100
3397,09:30:01,3281.525,100
3398,09:30:01,3281.95,100
3399,09:30:01,3282.32,1
3400,09:30:06,3278.0,115
3401,09:30:06,3279.205,200
3402,09:30:05,3280.85,100
3403,09:30:05,3279.45,100
3404,09:30:04,3280.01,100
3405,09:30:04,3279.93,100
3406,09:30:04,3279.93,100
3407,09:30:04,3280.0,100
3408,09:30:04,3280.85,125
3409,09:30:04,3280.85,100
3410,09:30:03,3282.0,100
3411,09:30:02,3282.025,100
3412,09:30:02,3282.025,100
3413,09:30:02,3281.525,200
3414,09:30:02,3281.525,100
3415,09:30:01,3282.525,100
3416,09:30:01,3281.525,100
3417,09:30:01,3281.525,100
3418,09:30:01,3281.95,100
3419,09:30:01,3282.32,1
3420,09:30:01,3282.32,4
3421,09:30:01,3282.32,10
3422,09:30:01,3282.32,2
3423,09:30:01,3282.32,7
3424,09:30:01,3282.32,4
3425,09:30:01,3282.32,7
3426,09:30:01,3282.32,1
3427,09:30:01,3282.32,6
3428,09:30:01,3282.32,15
3429,09:30:01,3282.32,3
3430,09:30:01,3282.32,9
3431,09:30:01,3282.32,8
3432,09:30:01,3282.32,1
3433,09:30:01,3282.32,1
3434,09:30:01,3282.32,3
3435,09:30:01,3282.32,4
3436,09:30:01,3282.32,2
3437,09:30:01,3282.32,1
3438,09:30:01,3282.32,2
3439,09:30:01,3282.32,1
3440,09:30:01,3282.32,4
3441,09:30:01,3282.32,10
3442,09:30:01,3282.32,2
3443,09:30:01,3282.32,7
3444,09:30:01,3282.32,4
3445,09:30:01,3282.32,7
3446,09:30:01,3282.32,1
3447,09:30:01,3282.32,6
3448,09:30:01,3282.32,15
3449,09:30:01,3282.32,3
3450,09:30:01,3282.32,9
3451,09:30:01,3282.32,8
3452,09:30:01,3282.32,1
3453,09:30:01,3282.32,1
3454,09:30:01,3282.32,3
3455,09:30:01,3282.32,4
3456,09:30:01,3282.32,2
3457,09:30:01,3282.32,1
3458,09:30:01,3282.32,2
3459,09:30:01,3282.32,1
3460,09:30:01,3282.32,18
3461,09:30:01,3282.32,2
3462,09:30:01,3282.32,3
3463,09:30:01,3282.32,3
3464,09:30:01,3282.32,1
3465,09:30:01,3282.32,53
3466,09:30:01,3282.32,6
3467,09:30:01,3282.32,1
3468,09:30:01,3282.32,1
3469,09:30:01,3282.32,1
3470,09:30:01,3282.32,1
3471,09:30:01,3282.32,2
3472,09:30:01,3282.32,53
3473,09:30:01,3282.32,15
3474,09:30:01,3282.32,1
3475,09:30:01,3282.32,2
3476,09:30:01,3282.32,2
3477,09:30:01,3282.32,2
3478,09:30:01,3282.32,91
3479,09:30:01,3282.32,2
3480,09:30:01,3282.32,18
3481,09:30:01,3282.32,2
3482,09:30:01,3282.32,3
3483,09:30:01,3282.32,3
3484,09:30:01,3282.32,1
3485,09:30:01,3282.32,53
3486,09:30:01,3282.32,6
3487,09:30:01,3282.32,1
3488,09:30:01,3282.32,1
3489,09:30:01,3282.32,1
3490,09:30:01,3282.32,1
3491,09:30:01,3282.32,2
3492,09:30:01,3282.32,53
3493,09:30:01,3282.32,15
3494,09:30:01,3282.32,1
3495,09:30:01,3282.32,2
3496,09:30:01,3282.32,2
3497,09:30:01,3282.32,2
3498,09:30:01,3282.32,91
3499,09:30:01,3282.32,2
3500,09:30:01,3282.32,1
3501,09:30:01,3282.32,1
3502,09:30:01,3282.32,3
3503,09:30:01,3282.32,44
3504,09:30:01,3282.32,1
3505,09:30:01,3282.32,2
3506,09:30:01,3282.32,2
3507,09:30:01,3282.32,10
3508,09:30:01,3282.32,2
3509,09:30:01,3282.32,1
3510,09:30:01,3282.32,46
3511,09:30:01,3282.32,8
3512,09:30:01,3282.32,1
3513,09:30:01,3282.32,1
3514,09:30:01,3282.32,7
3515,09:30:01,3282.32,5
3516,09:30:01,3282.32,15
3517,09:30:01,3282.32,2
3518,09:30:01,3282.32,30
3519,09:30:01,3282.32,4
3520,09:30:01,3282.32,1
3521,09:30:01,3282.32,1
3522,09:30:01,3282.32,3
3523,09:30:01,3282.32,44
3524,09:30:01,3282.32,1
3525,09:30:01,3282.32,2
3526,09:30:01,3282.32,2
3527,09:30:01,3282.32,10
3528,09:30:01,3282.32,2
3529,09:30:01,3282.32,1
3530,09:30:01,3282.32,46
3531,09:30:01,3282.32,8
3532,09:30:01,3282.32,1
3533,09:30:01,3282.32,1
3534,09:30:01,3282.32,7
3535,09:30:01,3282.32,5
3536,09:30:01,3282.32,15
3537,09:30:01,3282.32,2
3538,09:30:01,3282.32,30
3539,09:30:01,3282.32,4
3540,09:30:01,3282.32,2
3541,09:30:01,3282.32,4
3542,09:30:01,3282.32,11
3543,09:30:01,3282.32,3
3544,09:30:01,3282.32,35
3545,09:30:01,3282.32,4
3546,09:30:01,3282.32,6
3547,09:30:01,3282.32,2
3548,09:30:01,3282.32,2
3549,09:30:01,3282.32,1
3550,09:30:01,3282.32,1
3551,09:30:01,3282.32,2
3552,09:30:01,3282.32,10
3553,09:30:01,3282.32,3
3554,09:30:01,3282.32,1
3555,09:30:01,3282.32,1
3556,09:30:01,3282.32,2
3557,09:30:01,3282.32,1
3558,09:30:01,3282.32,10
3559,09:30:01,3282.32,1
3560,09:30:01,3282.32,2
3561,09:30:01,3282.32,4
3562,09:30:01,3282.32,11
3563,09:30:01,3282.32,3
3564,09:30:01,3282.32,35
3565,09:30:01,3282.32,4
3566,09:30:01,3282.32,6
3567,09:30:01,3282.32,2
3568,09:30:01,3282.32,2
3569,09:30:01,3282.32,1
3570,09:30:01,3282.32,1
3571,09:30:01,3282.32,2
3572,09:30:01,3282.32,10
3573,09:30:01,3282.32,3
3574,09:30:01,3282.32,1
3575,09:30:01,3282.32,1
3576,09:30:01,3282.32,2
3577,09:30:01,3282.32,1
3578,09:30:01,3282.32,10
3579,09:30:01,3282.32,1
3580,09:30:01,3282.32,1
3581,09:30:01,3282.32,1
3582,09:30:01,3282.32,3
3583,09:30:01,3282.32,1
3584,09:30:01,3282.32,5
3585,09:30:01,3282.32,1
3586,09:30:01,3282.32,10
3587,09:30:01,3282.32,2
3588,09:30:01,3282.32,1
3589,09:30:01,3282.32,1
3590,09:30:01,3282.32,2
3591,09:30:01,3282.32,2
3592,09:30:01,3282.32,2
3593,09:30:01,3282.32,40
3594,09:30:01,3282.32,7
3595,09:30:01,3282.32,3
3596,09:30:01,3282.32,1
3597,09:30:01,3282.32,10
3598,09:30:01,3282.32,1
3599,09:30:01,3282.32,5
3600,09:30:01,3282.32,1
3601,09:30:01,3282.32,1
3602,09:30:01,3282.32,3
3603,09:30:01,3282.32,1
3604,09:30:01,3282.32,5
3605,09:30:01,3282.32,1
3606,09:30:01,3282.32,10
3607,09:30:01,3282.32,2
3608,09:30:01,3282.32,1
3609,09:30:01,3282.32,1
3610,09:30:01,3282.32,2
3611,09:30:01,3282.32,2
3612,09:30:01,3282.32,2
3613,09:30:01,3282.32,40
3614,09:30:01,3282.32,7
3615,09:30:01,3282.32,3
3616,09:30:01,3282.32,1
3617,09:30:01,3282.32,10
3618,09:30:01,3282.32,1
3619,09:30:01,3282.32,5
3620,09:30:01,3282.32,18
3621,09:30:01,3282.32,1
3622,09:30:01,3282.32,3
3623,09:30:01,3282.32,11
3624,09:30:01,3282.32,4
3625,09:30:01,3282.32,4
3626,09:30:01,3282.32,2
3627,09:30:01,3282.32,1
3628,09:30:01,3282.32,2
3629,09:30:01,3282.32,14
3630,09:30:01,3282.32,3
3631,09:30:01,3282.32,1
3632,09:30:01,3282.32,951
3633,09:30:01,3282.32,1
3634,09:30:01,3282.32,25
3635,09:30:01,3282.32,3
3636,09:30:01,3282.32,5
3637,09:30:01,3282.32,2
3638,09:30:01,3282.32,4
3639,09:30:01,3282.32,2
3640,09:30:01,3282.32,18
3641,09:30:01,3282.32,1
3642,09:30:01,3282.32,3
3643,09:30:01,3282.32,11
3644,09:30:01,3282.32,4
3645,09:30:01,3282.32,4
3646,09:30:01,3282.32,2
3647,09:30:01,3282.32,1
3648,09:30:01,3282.32,2
3649,09:30:01,3282.32,14
3650,09:30:01,3282.32,3
3651,09:30:01,3282.32,1
3652,09:30:01,3282.32,951
3653,09:30:01,3282.32,1
3654,09:30:01,3282.32,25
3655,09:30:01,3282.32,3
3656,09:30:01,3282.32,5
3657,09:30:01,3282.32,2
3658,09:30:01,3282.32,4
3659,09:30:01,3282.32,2
3660,09:30:01,3282.32,11
3661,09:30:01,3282.32,12
3662,09:30:01,3282.32,50
3663,09:30:01,3282.32,4
3664,09:30:01,3282.32,20
3665,09:30:01,3282.32,4
3666,09:30:01,3282.32,2
3667,09:30:01,3282.32,1
3668,09:30:01,3282.32,50
3669,09:30:01,3282.32,1
3670,09:30:01,3282.32,2
3671,09:30:01,3282.32,1
3672,09:30:01,3282.32,1
3673,09:30:01,3282.32,4
3674,09:30:01,3282.32,1
3675,09:30:01,3282.32,1
3676,09:30:01,3282.32,1
3677,09:30:01,3282.32,4
3678,09:30:01,3282.32,1
3679,09:30:01,3282.32,1
3680,09:30:01,3282.32,11
3681,09:30:01,3282.32,12
3682,09:30:01,3282.32,50
3683,09:30:01,3282.32,4
3684,09:30:01,3282.32,20
3685,09:30:01,3282.32,4
3686,09:30:01,3282.32,2
3687,09:30:01,3282.32,1
3688,09:30:01,3282.32,50
3689,09:30:01,3282.32,1
3690,09:30:01,3282.32,2
3691,09:30:01,3282.32,1
3692,09:30:01,3282.32,1
3693,09:30:01,3282.32,4
3694,09:30:01,3282.32,1
3695,09:30:01,3282.32,1
3696,09:30:01,3282.32,1
3697,09:30:01,3282.32,4
3698,09:30:01,3282.32,1
3699,09:30:01,3282.32,1
3700,09:30:01,3282.32,60
3701,09:30:01,3282.32,8
3702,09:30:01,3282.32,3
3703,09:30:01,3282.32,1
3704,09:30:01,3282.32,2
3705,09:30:01,3282.32,1
3706,09:30:01,3282.32,1
3707,09:30:01,3282.32,7
3708,09:30:01,3282.32,4
3709,09:30:01,3282.32,2
3710,09:30:01,3282.32,1
3711,09:30:01,3282.32,15
3712,09:30:01,3282.32,10
3713,09:30:01,3282.32,1
3714,09:30:01,3282.32,1
3715,09:30:01,3282.32,62
3716,09:30:01,3282.32,1
3717,09:30:01,3282.32,1
3718,09:30:01,3282.32,2
3719,09:30:01,3282.32,12
3720,09:30:01,3282.32,60
3721,09:30:01,3282.32,8
3722,09:30:01,3282.32,3
3723,09:30:01,3282.32,1
3724,09:30:01,3282.32,2
3725,09:30:01,3282.32,1
3726,09:30:01,3282.32,1
3727,09:30:01,3282.32,7
3728,09:30:01,3282.32,4
3729,09:30:01,3282.32,2
3730,09:30:01,3282.32,1
3731,09:30:01,3282.32,15
3732,09:30:01,3282.32,10
3733,09:30:01,3282.32,1
3734,09:30:01,3282.32,1
3735,09:30:01,3282.32,62
3736,09:30:01,3282.32,1
3737,09:30:01,3282.32,1
3738,09:30:01,3282.32,2
3739,09:30:01,3282.32,12
3740,09:30:01,3282.32,2
3741,09:30:01,3282.32,5
3742,09:30:01,3282.32,4
3743,09:30:01,3282.32,1
3744,09:30:01,3282.32,20
3745,09:30:01,3282.32,17
3746,09:30:01,3282.32,1
3747,09:30:01,3282.32,31
3748,09:30:01,3282.32,1
3749,09:30:01,3282.32,2
3750,09:30:01,3282.32,1
3751,09:30:01,3282.32,1
3752,09:30:01,3282.32,1
3753,09:30:01,3282.32,1
3754,09:30:01,3282.32,3
3755,09:30:01,3282.32,2
3756,09:30:01,3282.32,3
3757,09:30:01,3282.32,15
3758,09:30:01,3282.32,1
3759,09:30:01,3282.32,1
3760,09:30:01,3282.32,2
3761,09:30:01,3282.32,5
3762,09:30:01,3282.32,4
3763,09:30:01,3282.32,1
3764,09:30:01,3282.32,20
3765,09:30:01,3282.32,17
3766,09:30:01,3282.32,1
3767,09:30:01,3282.32,31
3768,09:30:01,3282.32,1
3769,09:30:01,3282.32,2
3770,09:30:01,3282.32,1
3771,09:30:01,3282.32,1
3772,09:30:01,3282.32,1
3773,09:30:01,3282.32,1
3774,09:30:01,3282.32,3
3775,09:30:01,3282.32,2
3776,09:30:01,3282.32,3
3777,09:30:01,3282.32,15
3778,09:30:01,3282.32,1
3779,09:30:01,3282.32,1
3780,09:30:01,3282.32,1
3781,09:30:01,3282.32,3
3782,09:30:01,3282.32,1
3783,09:30:01,3282.32,1
3784,09:30:01,3282.32,1
3785,09:30:01,3282.32,2
3786,09:30:01,3282.32,2
3787,09:30:01,3282.32,1
3788,09:30:01,3282.32,1
3789,09:30:01,3282.32,2
3790,09:30:01,3282.32,10
3791,09:30:01,3282.32,10
3792,09:30:01,3282.32,1
3793,09:30:01,3282.32,1
3794,09:30:01,3282.32,4
3795,09:30:01,3282.32,1
3796,09:30:01,3282.32,1
3797,09:30:01,3282.32,2
3798,09:30:01,3282.32,1
3799,09:30:01,3282.32,1
3800,09:30:01,3282.32,1
3801,09:30:01,3282.32,3
3802,09:30:01,3282.32,1
3803,09:30:01,3282.32,1
3804,09:30:01,3282.32,1
3805,09:30:01,3282.32,2
3806,09:30:01,3282.32,2
3807,09:30:01,3282.32,1
3808,09:30:01,3282.32,1
3809,09:30:01,3282.32,2
3810,09:30:01,3282.32,10
3811,09:30:01,3282.32,10
3812,09:30:01,3282.32,1
3813,09:30:01,3282.32,1
3814,09:30:01,3282.32,4
3815,09:30:01,3282.32,1
3816,09:30:01,3282.32,1
3817,09:30:01,3282.32,2
3818,09:30:01,3282.32,1
3819,09:30:01,3282.32,1
3820,09:30:01,3282.32,1
3821,09:30:01,3282.32,1
3822,09:30:01,3282.32,2
3823,09:30:01,3282.32,5
3824,09:30:01,3282.32,45
3825,09:30:01,3282.32,2
3826,09:30:01,3282.32,6
3827,09:30:01,3282.32,3
3828,09:30:01,3282.32,1
3829,09:30:01,3282.32,9
3830,09:30:01,3282.32,1
3831,09:30:01,3282.32,1
3832,09:30:01,3282.32,2
3833,09:30:01,3282.32,33
3834,09:30:01,3282.32,2
3835,09:30:01,3282.32,5
3836,09:30:01,3282.32,1
3837,09:30:01,3282.32,3
3838,09:30:01,3282.32,2
3839,09:30:01,3282.32,30
3840,09:30:01,3282.32,1
3841,09:30:01,3282.32,1
3842,09:30:01,3282.32,2
3843,09:30:01,3282.32,5
3844,09:30:01,3282.32,45
3845,09:30:01,3282.32,2
3846,09:30:01,3282.32,6
3847,09:30:01,3282.32,3
3848,09:30:01,3282.32,1
3849,09:30:01,3282.32,9
3850,09:30:01,3282.32,1
3851,09:30:01,3282.32,1
3852,09:30:01,3282.32,2
3853,09:30:01,3282.32,33
3854,09:30:01,3282.32,2
3855,09:30:01,3282.32,5
3856,09:30:01,3282.32,1
3857,09:30:01,3282.32,3
3858,09:30:01,3282.32,2
3859,09:30:01,3282.32,30
3860,09:30:01,3282.32,2
3861,09:30:01,3282.32,2
3862,09:30:01,3282.32,12
3863,09:30:01,3282.32,50
3864,09:30:01,3282.32,476
3865,09:30:01,3282.32,40
3866,09:30:01,3282.32,5
3867,09:30:01,3282.32,3
3868,09:30:01,3282.32,1
3869,09:30:01,3282.32,10
3870,09:30:01,3282.32,1
3871,09:30:01,3282.32,2
3872,09:30:01,3282.32,3
3873,09:30:01,3282.32,2
3874,09:30:01,3282.32,7
3875,09:30:01,3282.32,1
3876,09:30:01,3282.32,1
3877,09:30:01,3282.32,1
3878,09:30:01,3282.32,1
