,NLS Time (ET),NLS Price,NLS Share Volume
0,09:59:59,3520.065,100
1,09:59:53,3523.1466,100
2,09:59:38,3523.965,100
3,09:59:37,3520.82,100
4,09:59:22,3522.06,100
5,09:59:20,3520.0,195
6,09:59:20,3522.0,100
7,09:59:20,3522.0,100
8,09:59:19,3525.15,100
9,09:59:15,3523.19,155
10,09:58:52,3522.2084,200
11,09:58:51,3522.0,100
12,09:58:46,3522.0,100
13,09:58:45,3521.95,100
14,09:58:36,3521.99,100
15,09:58:35,3520.915,100
16,09:58:34,3522.68,100
17,09:58:19,3523.53,100
18,09:58:12,3525.9899,200
19,09:58:10,3524.205,106
20,09:58:08,3523.01,100
21,09:57:56,3522.49,100
22,09:57:56,3522.48,121
23,09:57:44,3522.1045,200
24,09:57:36,3517.33,103
25,09:57:30,3521.73,100
26,09:57:30,3521.7,100
27,09:57:28,3520.455,100
28,09:57:24,3521.23,100
29,09:57:21,3520.08,100
30,09:57:10,3520.8,100
31,09:57:10,3520.86,100
32,09:57:10,3521.02,100
33,09:57:07,3519.42,100
34,09:57:07,3519.37,100
35,09:57:07,3519.68,100
36,09:57:06,3519.49,100
37,09:57:06,3519.45,100
38,09:57:05,3518.95,100
39,09:57:02,3517.07,100
40,09:57:02,3518.42,110
41,09:57:00,3518.05,100
42,09:56:57,3515.0,100
43,09:56:57,3515.0,315
44,09:56:57,3517.0,366
45,09:56:56,3517.26,100
46,09:56:55,3517.6495,500
47,09:56:54,3518.63,176
48,09:56:53,3518.11,100
49,09:56:51,3517.5887,250
50,09:56:42,3518.0,218
51,09:56:42,3518.01,100
52,09:56:41,3518.9,100
53,09:56:36,3519.96,100
54,09:56:36,3519.96,100
55,09:56:32,3519.05,100
56,09:56:32,3520.0,110
57,09:56:32,3519.99,131
58,09:56:32,3519.99,200
59,09:56:32,3519.99,100
60,09:56:32,3520.24,100
61,09:56:29,3520.2684,100
62,09:56:26,3521.105,100
63,09:56:25,3522.14,100
64,09:56:24,3522.3,100
65,09:56:00,3523.93,100
66,09:55:48,3523.5031,263
67,09:55:48,3523.5647,192
68,09:55:41,3521.3,100
69,09:55:41,3524.02,100
70,09:55:34,3524.01,100
71,09:55:34,3524.06,100
72,09:55:34,3521.0,100
73,09:55:27,3524.92,100
74,09:55:27,3524.745,100
75,09:55:06,3523.415,150
76,09:55:05,3522.0001,180
77,09:55:04,3523.55,100
78,09:55:00,3525.15,100
79,09:54:55,3525.925,100
80,09:54:53,3526.52,100
81,09:54:46,3526.2,100
82,09:54:43,3527.95,100
83,09:54:36,3526.51,200
84,09:54:35,3525.585,100
85,09:54:29,3524.49,100
86,09:54:27,3523.74,100
87,09:54:15,3521.16,100
88,09:54:06,3523.08,100
89,09:54:06,3522.0,100
90,09:54:06,3523.52,100
91,09:54:06,3523.745,100
92,09:54:04,3523.415,100
93,09:54:00,3523.2,100
94,09:54:00,3523.92,100
95,09:53:58,3521.58,100
96,09:53:57,3521.6,100
97,09:53:56,3523.01,100
98,09:53:55,3524.1504,100
99,09:53:50,3523.99,100
100,09:53:50,3523.99,126
101,09:53:50,3523.99,100
102,09:53:50,3523.99,126
103,09:53:50,3523.99,126
104,09:53:50,3523.99,100
105,09:53:41,3523.0866,100
106,09:53:41,3522.0,100
107,09:53:40,3523.77,100
108,09:53:40,3523.3,100
109,09:53:39,3524.26,100
110,09:53:39,3524.06,100
111,09:53:39,3523.08,100
112,09:53:37,3524.6907,100
113,09:53:37,3524.5025,100
114,09:53:37,3524.5025,100
115,09:53:34,3523.845,100
116,09:53:34,3524.94,100
117,09:53:34,3523.0,100
118,09:53:34,3523.81,100
119,09:53:34,3523.14,100
120,09:53:34,3523.0001,100
121,09:53:34,3523.0001,300
122,09:53:34,3523.795,100
123,09:53:34,3524.325,100
124,09:53:33,3524.325,100
125,09:53:33,3525.08,100
126,09:53:28,3524.48,100
127,09:53:28,3524.49,100
128,09:53:26,3524.405,100
129,09:53:26,3524.405,100
130,09:53:26,3524.405,100
131,09:53:25,3524.47,100
132,09:53:24,3524.48,175
133,09:53:18,3524.845,100
134,09:53:18,3524.99,100
135,09:53:18,3521.9043,200
136,09:53:18,3524.0775,200
137,09:53:17,3527.0,100
138,09:53:16,3524.35,252
139,09:53:16,3525.0,100
140,09:53:15,3526.22,100
141,09:53:11,3525.67,800
142,09:53:06,3526.99,107
143,09:53:05,3528.6,100
144,09:53:05,3528.27,100
145,09:53:05,3526.99,100
146,09:53:04,3527.8,100
147,09:53:04,3527.19,100
148,09:53:04,3527.19,100
149,09:53:02,3529.8,100
150,09:53:02,3527.945,100
151,09:53:02,3528.005,100
152,09:53:02,3527.0,100
153,09:52:58,3529.695,100
154,09:52:55,3528.91,100
155,09:52:55,3530.01,500
156,09:52:55,3530.0,500
157,09:52:33,3532.42,100
158,09:52:33,3532.08,195
159,09:52:33,3532.13,100
160,09:52:27,3532.525,100
161,09:52:27,3532.275,100
162,09:52:27,3536.7322,100
163,09:52:21,3533.0,100
164,09:52:21,3535.002,100
165,09:52:21,3535.0,100
166,09:52:21,3535.011,200
167,09:52:18,3537.0,100
168,09:52:18,3537.6,100
169,09:52:08,3540.1097,150
170,09:52:06,3539.99,100
171,09:51:59,3539.99,100
172,09:51:59,3539.91,100
173,09:51:58,3538.63,100
174,09:51:53,3540.365,100
175,09:51:50,3538.86,350
176,09:51:37,3541.48,100
177,09:51:30,3543.075,100
178,09:51:30,3542.83,100
179,09:51:30,3542.73,100
180,09:51:27,3540.03,100
181,09:51:26,3540.055,100
182,09:51:26,3540.055,100
183,09:51:18,3540.0,100
184,09:51:18,3540.02,100
185,09:51:11,3540.785,100
186,09:51:08,3540.02,100
187,09:50:43,3538.91,100
188,09:50:39,3537.5959,467
189,09:50:37,3537.0,100
190,09:50:31,3541.43,100
191,09:50:17,3539.3884,100
192,09:50:08,3535.82,100
193,09:50:06,3535.78,100
194,09:50:00,3536.87,100
195,09:50:00,3538.0,100
196,09:49:59,3538.74,500
197,09:49:50,3537.25,100
198,09:49:44,3536.68,100
199,09:49:44,3538.96,100
200,09:49:39,3538.295,100
201,09:49:38,3536.7,100
202,09:49:20,3538.2,100
203,09:49:20,3538.0,175
204,09:49:20,3538.11,100
205,09:49:12,3536.99,200
206,09:49:12,3536.2,100
207,09:49:12,3536.2,400
208,09:49:06,3538.01,100
209,09:49:06,3539.01,100
210,09:48:58,3540.63,200
211,09:48:58,3540.16,100
212,09:48:52,3542.75,100
213,09:48:41,3543.7756,150
214,09:48:40,3540.48,100
215,09:48:38,3539.01,100
216,09:48:36,3539.925,100
217,09:48:30,3539.01,100
218,09:48:18,3538.325,100
219,09:48:18,3538.325,100
220,09:48:18,3538.325,100
221,09:48:18,3540.02,100
222,09:48:15,3539.65,320
223,09:48:13,3540.29,220
224,09:48:13,3539.43,100
225,09:48:08,3540.54,380
226,09:48:08,3539.245,100
227,09:47:55,3538.665,100
228,09:47:52,3539.65,200
229,09:47:41,3540.01,100
230,09:47:41,3541.7,100
231,09:47:39,3540.01,100
232,09:47:37,3540.86,100
233,09:47:37,3540.885,100
234,09:47:34,3543.4,100
235,09:47:33,3542.375,100
236,09:47:31,3546.805,100
237,09:47:19,3545.64,100
238,09:47:08,3547.3,100
239,09:47:08,3547.3,100
240,09:47:07,3546.0301,100
241,09:47:07,3546.68,100
242,09:47:01,3547.89,100
243,09:47:01,3546.0301,100
244,09:47:01,3547.39,100
245,09:46:59,3547.0601,100
246,09:46:51,3547.2055,200
247,09:46:44,3547.43,100
248,09:46:42,3547.9999,500
249,09:46:32,3547.984,257
250,09:46:23,3545.7907,500
251,09:46:19,3543.27,500
252,09:46:19,3544.48,100
253,09:46:18,3545.17,100
254,09:46:08,3543.295,100
255,09:46:08,3543.14,100
256,09:46:08,3543.14,100
257,09:46:08,3543.16,100
258,09:46:01,3541.9199,100
259,09:46:00,3540.585,250
260,09:45:58,3539.4459,282
261,09:45:58,3539.4459,112
262,09:45:58,3539.4459,106
263,09:45:55,3539.4459,500
264,09:45:52,3542.0,210
265,09:45:51,3541.43,100
266,09:45:51,3541.43,100
267,09:45:51,3540.67,100
268,09:45:51,3540.67,162
269,09:45:50,3541.7157,300
270,09:45:41,3545.31,100
271,09:45:41,3545.16,100
272,09:45:41,3545.5,100
273,09:45:41,3545.51,100
274,09:45:41,3545.52,100
275,09:45:41,3547.6074,100
276,09:45:23,3542.925,100
277,09:45:21,3542.59,100
278,09:45:20,3540.77,100
279,09:45:20,3540.66,100
280,09:45:19,3542.525,100
281,09:45:19,3542.52,100
282,09:45:16,3543.37,100
283,09:45:16,3543.45,100
284,09:45:16,3543.48,300
285,09:45:16,3543.35,100
286,09:45:16,3543.44,100
287,09:45:16,3543.33,100
288,09:45:12,3545.99,100
289,09:45:11,3545.47,100
290,09:45:09,3544.84,100
291,09:45:09,3545.795,100
292,09:45:08,3546.5,150
293,09:45:02,3547.015,100
294,09:45:01,3547.375,100
295,09:45:00,3547.65,100
296,09:44:55,3548.75,165
297,09:44:55,3548.75,200
298,09:44:49,3546.43,100
299,09:44:47,3547.46,100
300,09:44:44,3546.325,200
301,09:44:38,3547.47,100
302,09:44:38,3547.01,100
303,09:44:33,3546.88,100
304,09:44:31,3548.09,100
305,09:44:29,3548.97,100
306,09:44:27,3549.18,100
307,09:44:27,3549.23,100
308,09:44:26,3548.17,100
309,09:44:21,3547.65,100
310,09:44:17,3548.51,625
311,09:44:15,3548.495,100
312,09:44:13,3548.4891,197
313,09:44:13,3548.92,100
314,09:44:13,3548.92,100
315,09:44:08,3549.5,100
316,09:44:05,3548.19,116
317,09:44:04,3547.76,100
318,09:44:04,3546.937,140
319,09:44:04,3547.17,100
320,09:44:01,3545.6701,100
321,09:44:00,3545.56,100
322,09:44:00,3544.215,100
323,09:43:58,3545.53,100
324,09:43:58,3545.53,100
325,09:43:58,3545.53,100
326,09:43:53,3543.54,100
327,09:43:38,3545.0,790
328,09:43:36,3545.035,100
329,09:43:34,3546.0066,300
330,09:43:32,3547.0,119
331,09:43:29,3545.0,100
332,09:43:29,3545.0,315
333,09:43:29,3545.0,185
334,09:43:27,3543.0301,100
335,09:43:26,3544.0184,300
336,09:43:24,3544.42,282
337,09:43:24,3544.018,500
338,09:43:21,3543.99,100
339,09:43:20,3543.99,200
340,09:43:20,3543.905,100
341,09:43:20,3543.945,100
342,09:43:14,3543.59,100
343,09:43:13,3543.0,625
344,09:43:11,3542.905,200
345,09:43:07,3541.245,100
346,09:43:06,3542.46,100
347,09:43:02,3542.38,100
348,09:43:01,3542.22,100
349,09:43:00,3541.0154,100
350,09:42:55,3541.0,100
351,09:42:55,3540.435,100
352,09:42:54,3540.43,200
353,09:42:52,3540.9999,300
354,09:42:52,3540.647,100
355,09:42:50,3539.34,100
356,09:42:50,3539.34,100
357,09:42:49,3540.0,100
358,09:42:48,3539.4303,200
359,09:42:48,3539.95,100
360,09:42:48,3539.0,100
361,09:42:47,3539.0,100
362,09:42:46,3537.91,102
363,09:42:45,3536.8201,110
364,09:42:45,3537.89,100
365,09:42:45,3538.87,100
366,09:42:44,3537.6849,500
367,09:42:44,3538.865,100
368,09:42:39,3538.4,100
369,09:42:37,3535.0,100
370,09:42:35,3533.86,120
371,09:42:34,3532.26,100
372,09:42:32,3533.96,100
373,09:42:32,3532.97,199
374,09:42:31,3534.3,100
375,09:42:31,3531.1,100
376,09:42:25,3531.38,100
377,09:42:25,3531.375,100
378,09:42:13,3530.92,100
379,09:42:09,3529.35,100
380,09:42:09,3529.35,100
381,09:41:58,3528.33,200
382,09:41:57,3528.82,100
383,09:41:56,3529.01,150
384,09:41:55,3528.6505,114
385,09:41:55,3528.6505,110
386,09:41:52,3531.59,100
387,09:41:52,3527.74,100
388,09:41:52,3527.85,100
389,09:41:51,3525.33,100
390,09:41:47,3527.54,100
391,09:41:38,3526.22,100
392,09:41:35,3524.8,100
393,09:41:34,3525.0,100
394,09:41:32,3527.855,200
395,09:41:26,3525.47,100
396,09:41:20,3527.8,100
397,09:41:20,3527.75,100
398,09:41:06,3527.75,100
399,09:41:05,3526.38,154
400,09:41:03,3526.7134,300
401,09:41:02,3527.12,100
402,09:41:01,3527.0,100
403,09:41:00,3530.92,100
404,09:40:58,3533.5,500
405,09:40:54,3532.0,100
406,09:40:54,3532.1539,693
407,09:40:54,3530.805,100
408,09:40:54,3531.115,100
409,09:40:54,3531.115,100
410,09:40:53,3533.025,200
411,09:40:53,3533.5,100
412,09:40:53,3533.0,100
413,09:40:53,3532.99,100
414,09:40:45,3530.96,100
415,09:40:43,3531.06,300
416,09:40:43,3530.0,100
417,09:40:41,3530.0,100
418,09:40:37,3531.07,100
419,09:40:34,3531.005,400
420,09:40:33,3533.1969,100
421,09:40:23,3532.5,100
422,09:40:17,3532.56,100
423,09:40:17,3530.57,100
424,09:40:07,3529.49,100
425,09:40:07,3528.11,202
426,09:40:04,3532.36,100
427,09:40:02,3534.53,100
428,09:39:59,3533.76,400
429,09:39:59,3535.2,100
430,09:39:57,3531.87,100
431,09:39:54,3529.29,100
432,09:39:53,3528.3,100
433,09:39:53,3529.95,100
434,09:39:49,3523.0101,100
435,09:39:47,3522.185,100
436,09:39:47,3522.51,100
437,09:39:47,3524.775,100
438,09:39:47,3524.44,100
439,09:39:47,3524.44,100
440,09:39:47,3524.82,100
441,09:39:47,3524.74,100
442,09:39:46,3525.0,100
443,09:39:46,3523.55,100
444,09:39:46,3523.56,100
445,09:39:46,3522.395,100
446,09:39:42,3525.975,500
447,09:39:39,3526.48,190
448,09:39:38,3523.765,200
449,09:39:38,3523.765,100
450,09:39:36,3524.81,100
451,09:39:36,3524.81,100
452,09:39:36,3524.92,100
453,09:39:36,3524.87,100
454,09:39:36,3524.87,100
455,09:39:30,3525.47,100
456,09:39:24,3526.1689,231
457,09:39:21,3529.97,100
458,09:39:21,3527.75,100
459,09:39:17,3530.5,100
460,09:39:12,3533.38,100
461,09:39:10,3531.03,100
462,09:39:10,3531.03,100
463,09:39:10,3531.01,100
464,09:39:10,3531.0035,100
465,09:39:10,3531.03,100
466,09:39:07,3531.89,100
467,09:39:05,3531.0001,150
468,09:39:01,3532.825,190
469,09:39:00,3531.73,100
470,09:38:59,3533.0,100
471,09:38:58,3533.85,350
472,09:38:49,3534.08,343
473,09:38:49,3533.1054,1135
474,09:38:44,3536.39,100
475,09:38:41,3536.43,100
476,09:38:33,3536.9,200
477,09:38:33,3536.9,348
478,09:38:29,3540.018,500
479,09:38:28,3540.03,100
480,09:38:27,3540.07,100
481,09:38:26,3540.0,100
482,09:38:25,3537.89,100
483,09:38:25,3537.74,100
484,09:38:25,3537.75,100
485,09:38:23,3537.73,100
486,09:38:14,3536.365,100
487,09:38:13,3536.3375,100
488,09:38:08,3534.09,100
489,09:38:08,3534.325,100
490,09:38:08,3534.15,200
491,09:38:08,3534.08,100
492,09:38:01,3535.35,100
493,09:37:59,3534.085,100
494,09:37:59,3534.1,100
495,09:37:59,3534.265,100
496,09:37:59,3534.09,100
497,09:37:59,3534.08,100
498,09:37:55,3534.93,100
499,09:37:55,3535.55,126
500,09:37:55,3535.7838,282
501,09:37:54,3536.935,100
502,09:37:48,3538.82,100
503,09:37:48,3538.15,200
504,09:37:37,3539.99,100
505,09:37:35,3540.0,100
506,09:37:34,3538.22,100
507,09:37:29,3541.55,200
508,09:37:27,3540.57,200
509,09:37:23,3540.21,100
510,09:37:23,3542.39,300
511,09:37:23,3541.63,100
512,09:37:22,3541.6,100
513,09:37:22,3539.39,100
514,09:37:22,3539.2,100
515,09:37:22,3539.47,100
516,09:37:20,3540.0,100
517,09:37:16,3542.0,100
518,09:37:13,3542.5467,500
519,09:37:12,3544.0,100
520,09:37:09,3542.33,100
521,09:37:08,3542.23,100
522,09:37:08,3542.0,100
523,09:37:06,3541.0978,100
524,09:37:04,3541.5066,255
525,09:37:04,3541.6462,100
526,09:37:03,3539.208,150
527,09:37:03,3540.0,100
528,09:37:01,3541.555,100
529,09:37:00,3540.0,100
530,09:37:00,3540.0,100
531,09:37:00,3540.0,100
532,09:37:00,3540.0,100
533,09:37:00,3539.98,100
534,09:36:56,3538.005,100
535,09:36:52,3539.43,100
536,09:36:52,3538.5,100
537,09:36:52,3538.585,200
538,09:36:52,3539.65,100
539,09:36:52,3538.99,147
540,09:36:52,3539.65,100
541,09:36:52,3539.0,100
542,09:36:52,3537.89,100
543,09:36:52,3538.99,200
544,09:36:52,3538.99,100
545,09:36:52,3539.0,100
546,09:36:52,3539.0,100
547,09:36:52,3538.0,100
548,09:36:52,3537.89,102
549,09:36:52,3536.7316,120
550,09:36:51,3535.96,100
551,09:36:51,3535.55,100
552,09:36:51,3536.71,100
553,09:36:49,3537.89,100
554,09:36:48,3536.72,100
555,09:36:46,3535.4501,100
556,09:36:45,3536.209,100
557,09:36:44,3537.9899,500
558,09:36:44,3536.88,100
559,09:36:44,3537.88,193
560,09:36:43,3536.665,100
561,09:36:43,3537.89,200
562,09:36:43,3537.89,104
563,09:36:41,3536.23,100
564,09:36:41,3535.89,111
565,09:36:41,3537.435,100
566,09:36:41,3537.3,100
567,09:36:41,3536.89,100
568,09:36:41,3536.77,100
569,09:36:41,3536.81,100
570,09:36:40,3536.89,100
571,09:36:40,3536.09,100
572,09:36:40,3536.09,100
573,09:36:37,3536.12,100
574,09:36:37,3536.165,100
575,09:36:37,3534.975,500
576,09:36:36,3533.91,100
577,09:36:36,3534.9734,150
578,09:36:35,3534.995,100
579,09:36:34,3535.052,100
580,09:36:34,3534.85,100
581,09:36:34,3535.0,103
582,09:36:34,3535.0,100
583,09:36:34,3535.0,200
584,09:36:34,3535.0,100
585,09:36:34,3534.73,100
586,09:36:34,3534.73,100
587,09:36:34,3534.71,100
588,09:36:33,3533.0,100
589,09:36:31,3532.855,100
590,09:36:31,3532.955,275
591,09:36:29,3532.84,100
592,09:36:28,3531.5383,300
593,09:36:27,3531.95,100
594,09:36:21,3529.47,150
595,09:36:20,3529.4766,150
596,09:36:14,3527.95,100
597,09:36:13,3525.5,100
598,09:36:11,3525.6263,224
599,09:36:11,3526.53,100
600,09:36:11,3526.39,100
601,09:36:11,3526.36,100
602,09:36:11,3526.28,100
603,09:36:03,3526.98,100
604,09:36:03,3526.98,100
605,09:36:01,3524.98,100
606,09:36:01,3524.98,100
607,09:36:01,3524.98,100
608,09:35:53,3528.7906,387
609,09:35:47,3531.9042,100
610,09:35:46,3531.455,100
611,09:35:46,3531.39,100
612,09:35:43,3528.663,100
613,09:35:42,3530.13,100
614,09:35:42,3530.13,182
615,09:35:41,3527.8998,150
616,09:35:40,3529.97,100
617,09:35:40,3529.88,100
618,09:35:40,3529.22,100
619,09:35:40,3529.22,100
620,09:35:31,3529.97,100
621,09:35:29,3530.36,100
622,09:35:25,3530.81,100
623,09:35:22,3533.0533,1000
624,09:35:22,3528.2301,500
625,09:35:22,3529.98,200
626,09:35:20,3530.0,259
627,09:35:20,3529.98,100
628,09:35:13,3528.0759,200
629,09:35:06,3526.21,100
630,09:35:05,3526.7265,169
631,09:34:55,3527.63,100
632,09:34:54,3526.6,100
633,09:34:54,3529.7,100
634,09:34:53,3529.7,106
635,09:34:44,3527.0,100
636,09:34:43,3528.4056,120
637,09:34:42,3526.9001,100
638,09:34:41,3528.36,100
639,09:34:40,3528.18,100
640,09:34:40,3528.18,100
641,09:34:38,3529.295,100
642,09:34:38,3529.48,100
643,09:34:36,3529.2,100
644,09:34:35,3529.1,100
645,09:34:33,3526.94,100
646,09:34:28,3525.23,100
647,09:34:28,3527.64,100
648,09:34:27,3526.55,100
649,09:34:27,3526.9275,100
650,09:34:26,3528.38,100
651,09:34:25,3526.35,100
652,09:34:23,3526.29,100
653,09:34:23,3526.82,100
654,09:34:19,3529.84,100
655,09:34:19,3529.955,200
656,09:34:18,3528.395,100
657,09:34:15,3528.4,150
658,09:34:13,3527.81,100
659,09:34:13,3528.0,100
660,09:34:13,3528.0,100
661,09:34:13,3528.0,100
662,09:34:13,3527.95,100
663,09:34:13,3528.0,100
664,09:34:13,3526.06,100
665,09:34:13,3525.07,100
666,09:34:13,3525.17,100
667,09:34:13,3525.91,100
668,09:34:13,3526.58,100
669,09:34:12,3527.11,100
670,09:34:10,3525.32,100
671,09:34:08,3524.49,100
672,09:34:08,3524.43,100
673,09:34:05,3524.0,150
674,09:34:05,3523.7,100
675,09:34:05,3523.87,100
676,09:34:05,3523.87,176
677,09:34:04,3523.94,100
678,09:34:04,3522.62,100
679,09:34:04,3522.67,100
680,09:34:04,3523.22,100
681,09:34:00,3523.76,100
682,09:34:00,3520.63,100
683,09:34:00,3521.02,100
684,09:33:54,3521.475,100
685,09:33:53,3522.44,100
686,09:33:52,3521.485,100
687,09:33:52,3524.065,100
688,09:33:48,3515.4831,207
689,09:33:44,3518.5475,100
690,09:33:44,3517.9275,100
691,09:33:44,3519.88,100
692,09:33:43,3520.35,100
693,09:33:42,3520.425,100
694,09:33:40,3520.615,100
695,09:33:40,3521.77,100
696,09:33:39,3524.6386,730
697,09:33:38,3524.48,100
698,09:33:38,3523.35,100
699,09:33:38,3523.35,100
700,09:33:38,3525.21,100
701,09:33:38,3523.35,100
702,09:33:37,3523.35,200
703,09:33:36,3523.35,100
704,09:33:33,3524.615,100
705,09:33:33,3524.75,100
706,09:33:32,3523.11,100
707,09:33:31,3521.5,100
708,09:33:31,3519.155,100
709,09:33:26,3517.047,110
710,09:33:26,3516.682,100
711,09:33:26,3516.684,100
712,09:33:26,3515.9,100
713,09:33:25,3515.22,100
714,09:33:25,3515.0,300
715,09:33:23,3515.52,100
716,09:33:23,3517.54,109
717,09:33:19,3513.085,100
718,09:33:19,3514.77,200
719,09:33:18,3514.77,100
720,09:33:11,3512.36,100
721,09:33:11,3516.0,100
722,09:33:11,3516.0,100
723,09:33:11,3515.65,100
724,09:33:11,3516.2,100
725,09:33:11,3518.8,100
726,09:33:11,3518.625,100
727,09:33:11,3518.88,100
728,09:33:11,3518.88,1000
729,09:33:09,3515.65,100
730,09:33:08,3518.21,100
731,09:33:08,3515.65,100
732,09:33:07,3517.44,100
733,09:33:05,3515.65,169
734,09:33:05,3515.69,339
735,09:33:05,3515.69,165
736,09:33:05,3515.69,316
737,09:33:05,3516.0,100
738,09:33:05,3516.0,100
739,09:33:05,3516.07,100
740,09:33:05,3516.5,360
741,09:33:05,3516.7066,536
742,09:33:05,3517.68,100
743,09:33:03,3517.44,100
744,09:33:03,3516.5,100
745,09:33:03,3517.47,100
746,09:33:03,3521.8078,500
747,09:33:01,3520.6,100
748,09:33:01,3518.5342,135
749,09:33:00,3517.16,100
750,09:33:00,3520.0,100
751,09:33:00,3520.0,100
752,09:33:00,3518.81,196
753,09:33:00,3518.81,100
754,09:32:53,3521.765,130
755,09:32:52,3521.9266,300
756,09:32:50,3524.44,100
757,09:32:50,3525.6,100
758,09:32:50,3523.75,100
759,09:32:48,3522.38,100
760,09:32:47,3520.165,100
761,09:32:45,3520.11,100
762,09:32:44,3522.94,500
763,09:32:41,3517.0101,200
764,09:32:32,3516.0001,750
765,09:32:29,3516.5,100
766,09:32:22,3516.0,100
767,09:32:22,3516.4,152
768,09:32:22,3516.4,205
769,09:32:22,3517.06,247
770,09:32:22,3516.001,250
771,09:32:22,3516.08,100
772,09:32:22,3516.68,100
773,09:32:22,3520.0,150
774,09:32:22,3519.75,100
775,09:32:22,3521.0,100
776,09:32:22,3521.55,175
777,09:32:22,3521.55,125
778,09:32:22,3522.12,300
779,09:32:22,3522.12,415
780,09:32:22,3522.65,100
781,09:32:22,3522.55,100
782,09:32:22,3522.55,100
783,09:32:22,3524.13,400
784,09:32:22,3524.15,100
785,09:32:22,3524.075,100
786,09:32:22,3525.15,100
787,09:32:22,3525.0,100
788,09:32:22,3525.075,100
789,09:32:22,3526.21,100
790,09:32:22,3526.2,500
791,09:32:22,3526.2,100
792,09:32:22,3526.53,100
793,09:32:22,3529.94,100
794,09:32:22,3529.99,100
795,09:32:20,3527.09,100
796,09:32:20,3529.95,100
797,09:32:20,3530.0,209
798,09:32:12,3535.0,100
799,09:31:59,3536.005,100
800,09:31:58,3536.005,200
801,09:31:53,3538.445,100
802,09:31:53,3537.51,100
803,09:31:53,3537.61,100
804,09:31:53,3538.55,100
805,09:31:53,3535.0,400
806,09:31:52,3532.838,100
807,09:31:52,3534.635,100
808,09:31:45,3538.91,100
809,09:31:45,3538.745,100
810,09:31:45,3538.445,100
811,09:31:45,3537.89,101
812,09:31:45,3537.89,100
813,09:31:44,3538.445,100
814,09:31:43,3536.43,500
815,09:31:43,3538.445,100
816,09:31:42,3538.445,100
817,09:31:41,3538.445,100
818,09:31:41,3539.0,100
819,09:31:41,3539.0,100
820,09:31:41,3538.59,100
821,09:31:40,3538.445,100
822,09:31:39,3538.445,100
823,09:31:38,3537.89,150
824,09:31:38,3537.97,200
825,09:31:38,3537.97,100
826,09:31:38,3537.89,100
827,09:31:37,3538.445,100
828,09:31:36,3537.89,100
829,09:31:36,3538.32,100
830,09:31:36,3537.985,100
831,09:31:35,3538.445,100
832,09:31:35,3537.89,100
833,09:31:35,3537.37,300
834,09:31:35,3539.0,100
835,09:31:35,3537.89,100
836,09:31:34,3537.89,100
837,09:31:34,3537.89,100
838,09:31:34,3537.95,100
839,09:31:34,3535.11,400
840,09:31:33,3535.4,100
841,09:31:33,3537.195,100
842,09:31:32,3537.095,100
843,09:31:32,3534.015,100
844,09:31:32,3534.32,158
845,09:31:32,3534.025,100
846,09:31:29,3537.35,100
847,09:31:28,3538.195,100
848,09:31:27,3537.95,100
849,09:31:27,3537.58,200
850,09:31:27,3537.58,100
851,09:31:27,3538.29,100
852,09:31:27,3538.45,100
853,09:31:26,3538.195,100
854,09:31:26,3537.89,100
855,09:31:25,3538.195,100
856,09:31:25,3538.37,200
857,09:31:25,3538.446,100
858,09:31:25,3537.89,100
859,09:31:25,3538.49,380
860,09:31:25,3537.89,200
861,09:31:25,3537.89,177
862,09:31:25,3537.89,200
863,09:31:22,3538.195,100
864,09:31:22,3536.18,200
865,09:31:22,3537.89,200
866,09:31:21,3537.12,100
867,09:31:19,3538.195,100
868,09:31:18,3538.195,100
869,09:31:17,3538.195,100
870,09:31:16,3537.89,300
871,09:31:15,3538.195,100
872,09:31:15,3537.99,100
873,09:31:15,3537.84,100
874,09:31:15,3537.84,100
875,09:31:14,3537.89,100
876,09:31:14,3537.89,188
877,09:31:13,3537.795,100
878,09:31:13,3537.89,100
879,09:31:11,3535.705,100
880,09:31:10,3536.0972,1800
881,09:31:10,3536.21,100
882,09:31:08,3533.825,100
883,09:31:04,3531.0619,629
884,09:31:04,3537.0,110
885,09:31:04,3533.3682,100
886,09:31:04,3533.02,100
887,09:31:04,3533.726,100
888,09:31:04,3533.725,123
889,09:31:04,3536.0,100
890,09:31:04,3536.02,100
891,09:31:04,3534.94,100
892,09:31:04,3534.99,100
893,09:31:03,3532.6541,300
894,09:31:01,3533.95,100
895,09:31:00,3531.4523,300
896,09:30:54,3534.99,100
897,09:30:54,3529.42,100
898,09:30:53,3526.8,100
899,09:30:53,3526.66,100
900,09:30:52,3529.02,129
901,09:30:52,3529.31,100
902,09:30:51,3529.075,100
903,09:30:51,3529.42,100
904,09:30:47,3530.83,100
905,09:30:45,3533.06,100
906,09:30:45,3531.0875,100
907,09:30:45,3529.31,100
908,09:30:45,3533.96,100
909,09:30:45,3533.785,100
910,09:30:45,3534.76,100
911,09:30:43,3530.13,100
912,09:30:43,3530.37,100
913,09:30:42,3532.4,100
914,09:30:41,3532.71,100
915,09:30:39,3531.525,100
916,09:30:39,3533.7325,100
917,09:30:39,3534.15,100
918,09:30:39,3533.8,100
919,09:30:39,3531.53,100
920,09:30:39,3534.79,100
921,09:30:39,3533.71,100
922,09:30:39,3532.97,100
923,09:30:39,3533.7225,100
924,09:30:39,3534.08,100
925,09:30:39,3534.99,100
926,09:30:37,3535.165,100
927,09:30:37,3535.165,100
928,09:30:36,3534.2175,100
929,09:30:36,3529.36,100
930,09:30:35,3530.01,100
931,09:30:34,3535.99,200
932,09:30:34,3535.99,100
933,09:30:33,3535.9899,300
934,09:30:33,3529.36,100
935,09:30:32,3533.47,100
936,09:30:32,3533.4175,100
937,09:30:31,3532.1175,100
938,09:30:31,3533.95,100
939,09:30:31,3531.805,100
940,09:30:27,3530.4,100
941,09:30:25,3529.94,100
942,09:30:23,3529.495,150
943,09:30:21,3528.55,200
944,09:30:21,3528.55,100
945,09:30:21,3529.25,100
946,09:30:21,3529.25,100
947,09:30:19,3529.25,150
948,09:30:19,3533.9999,150
949,09:30:18,3529.11,100
950,09:30:18,3528.26,100
951,09:30:18,3528.45,100
952,09:30:17,3528.5,100
953,09:30:15,3528.295,100
954,09:30:14,3526.885,100
955,09:30:14,3526.925,100
956,09:30:14,3526.73,100
957,09:30:14,3526.95,100
958,09:30:14,3526.59,100
959,09:30:12,3523.0,218
960,09:30:12,3526.37,200
961,09:30:12,3526.37,200
962,09:30:12,3524.42,100
963,09:30:12,3524.0,100
964,09:30:12,3527.76,400
965,09:30:12,3527.6361,110
966,09:30:12,3525.885,100
967,09:30:11,3528.49,800
968,09:30:11,3528.49,400
969,09:30:11,3526.265,100
970,09:30:11,3524.6,194
971,09:30:10,3528.5,200
972,09:30:10,3528.44,100
973,09:30:10,3527.62,100
974,09:30:10,3524.0,100
975,09:30:10,3529.3999,500
976,09:30:09,3529.4,400
977,09:30:09,3526.7,100
978,09:30:08,3527.2,1195
979,09:30:07,3529.32,100
980,09:30:07,3528.56,100
981,09:30:07,3529.375,100
982,09:30:06,3524.01,100
983,09:30:05,3525.0,100
984,09:30:05,3525.15,100
985,09:30:05,3525.0,100
986,09:30:05,3526.0,100
987,09:30:05,3526.0,200
988,09:30:04,3526.5003,240
989,09:30:03,3527.495,100
990,09:30:03,3527.0,100
991,09:30:02,3530.4,100
992,09:30:02,3530.4,154
993,09:30:02,3529.51,100
994,09:30:02,3529.51,100
995,09:30:02,3529.61,100
996,09:30:02,3529.48,100
997,09:30:02,3532.58,1
998,09:30:02,3532.58,1
999,09:30:02,3532.58,2
1000,09:30:02,3532.58,1
1001,09:30:02,3532.58,1
1002,09:30:02,3532.58,1
1003,09:30:02,3532.58,2
1004,09:30:02,3532.58,1
1005,09:30:02,3532.58,1
1006,09:30:02,3532.58,1
1007,09:30:02,3532.58,14
1008,09:30:02,3532.58,4
1009,09:30:02,3532.58,1
1010,09:30:02,3532.58,1
1011,09:30:02,3532.58,1
1012,09:30:02,3532.58,1
1013,09:30:02,3532.58,2
1014,09:30:02,3532.58,3
1015,09:30:02,3532.58,3
1016,09:30:02,3532.58,3
1017,09:30:02,3532.58,1
1018,09:30:02,3532.58,2
1019,09:30:02,3532.58,2
1020,09:30:02,3532.58,2
1021,09:30:02,3532.58,2
1022,09:30:02,3532.58,8
1023,09:30:02,3532.58,1
1024,09:30:02,3532.58,3
1025,09:30:02,3532.58,5
1026,09:30:02,3532.58,4
1027,09:30:02,3532.58,17
1028,09:30:02,3532.58,1
1029,09:30:02,3532.58,2
1030,09:30:02,3532.58,10
1031,09:30:02,3532.58,4
1032,09:30:02,3532.58,1
1033,09:30:02,3532.58,2
1034,09:30:02,3532.58,1
1035,09:30:02,3532.58,1
1036,09:30:02,3532.58,1
1037,09:30:02,3532.58,1
1038,09:30:02,3532.58,5
1039,09:30:02,3532.58,2
1040,09:30:02,3532.58,1
1041,09:30:02,3532.58,50
1042,09:30:02,3532.58,2
1043,09:30:02,3532.58,2
1044,09:30:02,3532.58,1
1045,09:30:02,3532.58,1
1046,09:30:02,3532.58,1
1047,09:30:02,3532.58,7
1048,09:30:02,3532.58,1
1049,09:30:02,3532.58,2
1050,09:30:02,3532.58,10
1051,09:30:02,3532.58,1
1052,09:30:02,3532.58,6
1053,09:30:02,3532.58,1
1054,09:30:02,3532.58,5
1055,09:30:02,3532.58,10
1056,09:30:02,3532.58,10
1057,09:30:02,3532.58,2
1058,09:30:02,3532.58,1
1059,09:30:02,3532.58,1
1060,09:30:02,3532.58,1
1061,09:30:02,3532.58,1
1062,09:30:02,3532.58,2
1063,09:30:02,3532.58,2
1064,09:30:02,3532.58,2
1065,09:30:02,3532.58,2
1066,09:30:02,3532.58,2
1067,09:30:02,3532.58,1
1068,09:30:02,3532.58,10
1069,09:30:02,3532.58,1
1070,09:30:02,3532.58,1
1071,09:30:02,3532.58,2
1072,09:30:02,3532.58,2
1073,09:30:02,3532.58,10
1074,09:30:02,3532.58,1
1075,09:30:02,3532.58,2
1076,09:30:02,3532.58,2
1077,09:30:02,3532.58,1
1078,09:30:02,3532.58,1
1079,09:30:02,3532.58,1
1080,09:30:02,3532.58,21
1081,09:30:02,3532.58,5
1082,09:30:02,3532.58,4
1083,09:30:02,3532.58,3
1084,09:30:02,3532.58,23
1085,09:30:02,3532.58,4
1086,09:30:02,3532.58,1
1087,09:30:02,3532.58,1
1088,09:30:02,3532.58,1
1089,09:30:02,3532.58,1
1090,09:30:02,3532.58,1
1091,09:30:02,3532.58,1
1092,09:30:02,3532.58,6
1093,09:30:02,3532.58,3
1094,09:30:02,3532.58,1
1095,09:30:02,3532.58,2
1096,09:30:02,3532.58,30
1097,09:30:02,3532.58,15
1098,09:30:02,3532.58,3
1099,09:30:02,3532.58,1
1100,09:30:02,3532.58,1
1101,09:30:02,3532.58,8
1102,09:30:02,3532.58,3
1103,09:30:02,3532.58,4
1104,09:30:02,3532.58,12
1105,09:30:02,3532.58,1
1106,09:30:02,3532.58,1
1107,09:30:02,3532.58,2
1108,09:30:02,3532.58,2
1109,09:30:02,3532.58,121
1110,09:30:02,3532.58,7
1111,09:30:02,3532.58,2
1112,09:30:02,3532.58,1
1113,09:30:02,3532.58,2
1114,09:30:02,3532.58,1
1115,09:30:02,3532.58,3
1116,09:30:02,3532.58,28
1117,09:30:02,3532.58,2
1118,09:30:02,3532.58,3
1119,09:30:02,3532.58,6
1120,09:30:02,3532.58,18
1121,09:30:02,3532.58,8
1122,09:30:02,3532.58,5
1123,09:30:02,3532.58,55
1124,09:30:02,3532.58,1
1125,09:30:02,3532.58,28
1126,09:30:02,3532.58,3
1127,09:30:02,3532.58,3
1128,09:30:02,3532.58,4
1129,09:30:02,3532.58,3
1130,09:30:02,3532.58,7
1131,09:30:02,3532.58,2
1132,09:30:02,3532.58,6
1133,09:30:01,3532.58,2
1134,09:30:01,3532.58,7
1135,09:30:01,3532.58,10
1136,09:30:01,3532.58,91
1137,09:30:01,3532.58,10
1138,09:30:01,3532.58,20
1139,09:30:01,3532.58,4
1140,09:30:01,3532.58,3
1141,09:30:01,3532.58,2
1142,09:30:01,3532.58,1
1143,09:30:01,3532.58,280
1144,09:30:01,3532.58,5
1145,09:30:01,3532.58,13
1146,09:30:01,3532.58,3
1147,09:30:01,3532.58,18
1148,09:30:01,3532.58,50
1149,09:30:01,3532.58,4
1150,09:30:01,3532.58,40
1151,09:30:01,3532.58,10
1152,09:30:01,3532.58,1
1153,09:30:01,3532.58,3
1154,09:30:01,3532.58,4
1155,09:30:01,3532.58,5
1156,09:30:01,3532.58,3
1157,09:30:01,3532.58,3
1158,09:30:01,3532.58,1
1159,09:30:01,3532.58,3
1160,09:30:01,3532.58,5
1161,09:30:01,3532.58,2
1162,09:30:01,3532.58,1
1163,09:30:01,3532.58,4
1164,09:30:01,3532.58,150
1165,09:30:01,3532.58,1
1166,09:30:01,3532.58,1
1167,09:30:01,3532.58,4
1168,09:30:01,3532.58,2
1169,09:30:01,3532.58,6
1170,09:30:01,3532.58,1
1171,09:30:01,3532.58,1
1172,09:30:01,3532.58,1
1173,09:30:01,3532.58,12
1174,09:30:01,3532.58,1
1175,09:30:01,3532.58,5
1176,09:30:01,3532.58,1
1177,09:30:01,3532.58,1
1178,09:30:01,3532.58,1
1179,09:30:01,3532.58,3
1180,09:30:01,3532.58,1
1181,09:30:01,3532.58,2
1182,09:30:01,3532.58,1
1183,09:30:01,3532.58,1
1184,09:30:01,3532.58,1
1185,09:30:01,3532.58,1
1186,09:30:01,3532.58,1
1187,09:30:01,3532.58,1
1188,09:30:01,3532.58,3
1189,09:30:01,3532.58,1
1190,09:30:01,3532.58,1
1191,09:30:01,3532.58,1
1192,09:30:01,3532.58,1
1193,09:30:01,3532.58,1
1194,09:30:01,3532.58,3
1195,09:30:01,3532.58,1
1196,09:30:01,3532.58,1
1197,09:30:01,3532.58,1
1198,09:30:01,3532.58,1
1199,09:30:01,3532.58,1
1200,09:30:01,3532.58,1
1201,09:30:01,3532.58,1
1202,09:30:01,3532.58,2
1203,09:30:01,3532.58,1
1204,09:30:01,3532.58,1
1205,09:30:01,3532.58,1
1206,09:30:01,3532.58,1
1207,09:30:01,3532.58,1
1208,09:30:01,3532.58,25
1209,09:30:01,3532.58,1
1210,09:30:01,3532.58,2
1211,09:30:01,3532.58,1
1212,09:30:01,3532.58,2
1213,09:30:01,3532.58,1
1214,09:30:01,3532.58,1
1215,09:30:01,3532.58,1
1216,09:30:01,3532.58,1
1217,09:30:01,3532.58,1
1218,09:30:01,3532.58,1
1219,09:30:01,3532.58,1
1220,09:30:01,3532.58,2
1221,09:30:01,3532.58,14
1222,09:30:01,3532.58,14
1223,09:30:01,3532.58,2
1224,09:30:01,3532.58,1
1225,09:30:01,3532.58,1
1226,09:30:01,3532.58,1
1227,09:30:01,3532.58,3
1228,09:30:01,3532.58,3
1229,09:30:01,3532.58,5
1230,09:30:01,3532.58,1
1231,09:30:01,3532.58,1
1232,09:30:01,3532.58,1
1233,09:30:01,3532.58,1
1234,09:30:01,3532.58,1
1235,09:30:01,3532.58,1
1236,09:30:01,3532.58,2
1237,09:30:01,3532.58,1
1238,09:30:01,3532.58,1
1239,09:30:01,3532.58,1
1240,09:30:01,3532.58,1
1241,09:30:01,3532.58,10
1242,09:30:01,3532.58,1
1243,09:30:01,3532.58,1
1244,09:30:01,3532.58,25
1245,09:30:01,3532.58,1
1246,09:30:01,3532.58,2
1247,09:30:01,3532.58,3
1248,09:30:01,3532.58,1
1249,09:30:01,3532.58,1
1250,09:30:01,3532.58,20
1251,09:30:01,3532.58,3
1252,09:30:01,3532.58,3
1253,09:30:01,3532.58,1
1254,09:30:01,3532.58,20
1255,09:30:01,3532.58,2
1256,09:30:01,3532.58,1
1257,09:30:01,3532.58,1
1258,09:30:01,3532.58,1
1259,09:30:01,3532.58,6
1260,09:30:01,3532.58,1
1261,09:30:01,3532.58,2
1262,09:30:01,3532.58,1
1263,09:30:01,3532.58,4
1264,09:30:01,3532.58,2
1265,09:30:01,3532.58,5
1266,09:30:01,3532.58,70
1267,09:30:01,3532.58,5
1268,09:30:01,3532.58,1
1269,09:30:01,3532.58,1
1270,09:30:01,3532.58,10
1271,09:30:01,3532.58,4
1272,09:30:01,3532.58,9
1273,09:30:01,3532.58,10
1274,09:30:01,3532.58,10
1275,09:30:01,3532.58,2
1276,09:30:01,3532.58,20
1277,09:30:01,3532.58,50
1278,09:30:01,3532.58,1
1279,09:30:01,3532.58,5
1280,09:30:01,3532.58,1
1281,09:30:01,3532.58,1
1282,09:30:01,3532.58,5
1283,09:30:01,3532.58,1
1284,09:30:01,3532.58,1
1285,09:30:01,3532.58,15
1286,09:30:01,3532.58,14
1287,09:30:01,3532.58,2
1288,09:30:01,3532.58,100
1289,09:30:01,3532.58,5
1290,09:30:01,3532.58,2
1291,09:30:01,3532.58,5
1292,09:30:01,3532.58,1
1293,09:30:01,3532.58,1
1294,09:30:01,3532.58,1
1295,09:30:01,3532.58,1
1296,09:30:01,3532.58,2
1297,09:30:01,3532.58,1
1298,09:30:01,3532.58,5
1299,09:30:01,3532.58,6
1300,09:30:01,3532.58,4
1301,09:30:01,3532.58,1
1302,09:30:01,3532.58,1
1303,09:30:01,3532.58,15
1304,09:30:01,3532.58,9
1305,09:30:01,3532.58,3
1306,09:30:01,3532.58,8
1307,09:30:01,3532.58,1
1308,09:30:01,3532.58,1
1309,09:30:01,3532.58,5
1310,09:30:01,3532.58,7
1311,09:30:01,3532.58,1
1312,09:30:01,3532.58,2
1313,09:30:01,3532.58,2
1314,09:30:01,3532.58,1
1315,09:30:01,3532.58,3
1316,09:30:01,3532.58,1
1317,09:30:01,3532.58,2
1318,09:30:01,3532.58,1
1319,09:30:01,3532.58,3
1320,09:30:01,3532.58,1
1321,09:30:01,3532.58,1
1322,09:30:01,3532.58,5
1323,09:30:01,3532.58,1
1324,09:30:01,3532.58,2
1325,09:30:01,3532.58,4
1326,09:30:01,3532.58,1
1327,09:30:01,3532.58,1
1328,09:30:01,3532.58,2
1329,09:30:01,3532.58,5
1330,09:30:01,3532.58,15
1331,09:30:01,3532.58,1
1332,09:30:01,3532.58,1
1333,09:30:01,3532.58,1
1334,09:30:01,3532.58,1
1335,09:30:01,3532.58,1
1336,09:30:01,3532.58,10
1337,09:30:01,3532.58,2
1338,09:30:01,3532.58,5
1339,09:30:01,3532.58,12
1340,09:30:01,3532.58,1
1341,09:30:01,3532.58,2
1342,09:30:01,3532.58,1
1343,09:30:01,3529.65,100
1344,09:30:01,3530.135,100
1345,09:30:01,3532.58,6
1346,09:30:01,3532.58,10
1347,09:30:01,3532.58,1
1348,09:30:01,3532.58,1
1349,09:30:01,3532.58,1
1350,09:30:01,3532.58,1
1351,09:30:01,3532.58,2
1352,09:30:01,3532.58,13
1353,09:30:01,3532.58,1
1354,09:30:01,3532.58,1
1355,09:30:01,3532.58,14
1356,09:30:01,3532.58,1
1357,09:30:01,3532.58,7
1358,09:30:01,3532.58,2
1359,09:30:01,3532.58,1
1360,09:30:01,3532.58,2
1361,09:30:01,3532.58,5
1362,09:30:01,3532.58,5
1363,09:30:01,3532.58,1
1364,09:30:01,3532.58,1
1365,09:30:01,3532.58,1
1366,09:30:01,3532.58,2
1367,09:30:01,3532.58,1
1368,09:30:01,3532.58,2
1369,09:30:01,3532.58,1
1370,09:30:01,3532.58,1
1371,09:30:01,3532.58,3
1372,09:30:01,3532.58,1
1373,09:30:01,3532.58,1
1374,09:30:01,3532.58,10
1375,09:30:01,3532.58,12
1376,09:30:01,3532.58,6
1377,09:30:01,3532.58,2
1378,09:30:01,3532.58,13
1379,09:30:01,3532.58,19
1380,09:30:01,3532.58,2
1381,09:30:01,3532.58,3
1382,09:30:01,3532.58,10
1383,09:30:01,3532.58,7
1384,09:30:01,3532.58,4
1385,09:30:01,3532.58,2
1386,09:30:01,3532.58,2
1387,09:30:01,3532.58,2
1388,09:30:01,3532.58,5
1389,09:30:01,3532.58,1
1390,09:30:01,3532.58,15
1391,09:30:01,3532.58,1
1392,09:30:01,3532.58,1
1393,09:30:01,3532.58,1
1394,09:30:01,3532.58,1
1395,09:30:01,3532.58,1
1396,09:30:01,3532.58,1
1397,09:30:01,3532.58,1
1398,09:30:01,3532.58,1
1399,09:30:01,3532.58,1
1400,09:30:01,3532.58,100
1401,09:30:01,3532.58,25
1402,09:30:01,3532.58,1
1403,09:30:01,3532.58,10
1404,09:30:01,3532.58,11
1405,09:30:01,3532.58,1
1406,09:30:01,3532.58,1
1407,09:30:01,3532.58,1
1408,09:30:01,3532.58,10
1409,09:30:01,3532.58,1
1410,09:30:01,3532.58,1
1411,09:30:01,3532.58,1
1412,09:30:01,3532.58,1
1413,09:30:01,3532.58,1
1414,09:30:01,3532.58,1
1415,09:30:01,3532.58,1
1416,09:30:01,3532.58,1
1417,09:30:01,3532.58,1
1418,09:30:01,3532.58,1
1419,09:30:01,3532.58,1
1420,09:30:01,3532.58,1
1421,09:30:01,3532.58,1
1422,09:30:01,3532.58,1
1423,09:30:01,3532.58,1
1424,09:30:01,3532.58,1
1425,09:30:01,3532.58,1
1426,09:30:01,3532.58,1
1427,09:30:01,3532.58,1
1428,09:30:01,3532.58,4
1429,09:30:01,3532.58,1
1430,09:30:01,3532.58,1
1431,09:30:01,3532.58,1
1432,09:30:01,3532.58,1
1433,09:30:01,3532.58,1
1434,09:30:01,3532.58,1
1435,09:30:01,3532.58,1
1436,09:30:01,3532.58,1
1437,09:30:01,3532.58,1
1438,09:30:01,3532.58,1
1439,09:30:01,3532.58,1
1440,09:30:01,3532.58,1
1441,09:30:01,3532.58,1
1442,09:30:01,3532.58,1
1443,09:30:01,3532.58,1
1444,09:30:01,3532.58,1
1445,09:30:01,3532.58,1
1446,09:30:01,3532.58,1
1447,09:30:01,3532.58,1
1448,09:30:01,3532.58,1
1449,09:30:01,3532.58,1
1450,09:30:01,3532.58,1
1451,09:30:01,3532.58,1
1452,09:30:01,3532.58,1
1453,09:30:01,3532.58,1
1454,09:30:01,3532.58,1
1455,09:30:01,3532.58,1
1456,09:30:01,3532.58,1
1457,09:30:01,3532.58,1
1458,09:30:01,3532.58,1
1459,09:30:01,3532.58,1
1460,09:30:01,3532.58,1
1461,09:30:01,3532.58,1
1462,09:30:01,3532.58,1
1463,09:30:01,3532.58,1
1464,09:30:01,3532.58,1
1465,09:30:01,3532.58,1
1466,09:30:01,3532.58,1
1467,09:30:01,3532.58,1
1468,09:30:01,3532.58,1
1469,09:30:01,3532.58,1
1470,09:30:01,3532.58,1
1471,09:30:01,3532.58,1
1472,09:30:01,3532.58,3
1473,09:30:01,3532.58,1
1474,09:30:01,3532.58,1
1475,09:30:01,3532.58,1
1476,09:30:01,3532.58,1
1477,09:30:01,3532.58,1
1478,09:30:01,3532.58,1
1479,09:30:01,3532.58,1
1480,09:30:01,3532.58,1
1481,09:30:01,3532.58,1
1482,09:30:01,3532.58,1
1483,09:30:01,3532.58,1
1484,09:30:01,3532.58,1
1485,09:30:01,3532.58,3
1486,09:30:01,3532.58,2
1487,09:30:01,3532.58,3
1488,09:30:01,3532.58,10
1489,09:30:01,3532.58,1
1490,09:30:01,3532.58,30
1491,09:30:01,3532.58,1
1492,09:30:01,3532.58,1
1493,09:30:01,3532.58,1
1494,09:30:01,3532.58,1
1495,09:30:01,3532.58,2
1496,09:30:01,3532.58,1
1497,09:30:01,3532.58,2
1498,09:30:01,3532.58,1
1499,09:30:01,3532.58,2
1500,09:30:01,3532.58,2
1501,09:30:01,3532.58,2
1502,09:30:01,3532.58,2
1503,09:30:01,3532.58,1
1504,09:30:01,3532.58,10
1505,09:30:01,3532.58,3
1506,09:30:01,3532.58,9
1507,09:30:01,3532.58,1
1508,09:30:01,3532.58,1
1509,09:30:01,3532.58,2
1510,09:30:01,3532.58,1
1511,09:30:01,3532.58,5
1512,09:30:01,3532.58,2
1513,09:30:01,3532.58,10
1514,09:30:01,3532.58,1
1515,09:30:01,3532.58,1
1516,09:30:01,3532.58,1
1517,09:30:01,3532.58,1
1518,09:30:01,3532.58,2
1519,09:30:01,3532.58,10
1520,09:30:01,3532.58,3
1521,09:30:01,3532.58,1
1522,09:30:01,3532.58,2
1523,09:30:01,3532.58,1
1524,09:30:01,3532.58,3
1525,09:30:01,3532.58,1
1526,09:30:01,3532.58,3
1527,09:30:01,3532.58,1
1528,09:30:01,3532.58,4
1529,09:30:01,3532.58,1
1530,09:30:01,3532.58,2
1531,09:30:01,3532.58,1
1532,09:30:01,3532.58,30
1533,09:30:01,3532.58,1
1534,09:30:01,3532.58,1
1535,09:30:01,3532.58,1
1536,09:30:01,3532.58,1
1537,09:30:01,3532.58,35
1538,09:30:01,3532.58,1
1539,09:30:01,3532.58,5
1540,09:30:01,3532.58,14
1541,09:30:01,3532.58,2
1542,09:30:01,3532.58,2
1543,09:30:01,3532.58,1
1544,09:30:01,3532.58,2
1545,09:30:01,3532.58,1
1546,09:30:01,3532.58,1
1547,09:30:01,3532.58,3
1548,09:30:01,3532.58,1
1549,09:30:01,3532.58,1
1550,09:30:01,3532.58,1
1551,09:30:01,3532.58,1
1552,09:30:01,3532.58,3
1553,09:30:01,3532.58,2
1554,09:30:01,3532.58,1
1555,09:30:01,3532.58,1
1556,09:30:01,3532.58,1
1557,09:30:01,3532.58,1
1558,09:30:01,3532.58,1
1559,09:30:01,3532.58,1
1560,09:30:01,3532.58,1
1561,09:30:01,3532.58,1
1562,09:30:01,3532.58,1
1563,09:30:01,3532.58,1
1564,09:30:01,3532.58,1
1565,09:30:01,3532.58,1
1566,09:30:01,3532.58,2
1567,09:30:01,3532.58,14
1568,09:30:01,3532.58,1
1569,09:30:01,3532.58,3
1570,09:30:01,3532.58,1
1571,09:30:01,3532.58,1
1572,09:30:01,3532.58,1
1573,09:30:01,3532.58,1
1574,09:30:01,3532.58,1
1575,09:30:01,3532.58,1
1576,09:30:01,3532.58,1
1577,09:30:01,3532.58,1
1578,09:30:01,3532.58,1
1579,09:30:01,3532.58,1
1580,09:30:01,3532.58,1
1581,09:30:01,3532.58,1
1582,09:30:01,3532.58,1
1583,09:30:01,3532.58,1
1584,09:30:01,3532.58,1
1585,09:30:01,3532.58,1
1586,09:30:01,3532.58,1
1587,09:30:01,3532.58,1
1588,09:30:01,3532.58,1
1589,09:30:01,3532.58,1
1590,09:30:01,3532.58,1
1591,09:30:01,3532.58,1
1592,09:30:01,3532.58,1
1593,09:30:01,3532.58,1
1594,09:30:01,3532.58,1
1595,09:30:01,3532.58,1
1596,09:30:01,3532.58,1
1597,09:30:01,3532.58,1
1598,09:30:01,3532.58,1
1599,09:30:01,3532.58,1
1600,09:30:01,3532.58,1
1601,09:30:01,3532.58,1
1602,09:30:01,3532.58,1
1603,09:30:01,3532.58,1
1604,09:30:01,3532.58,1
1605,09:30:01,3532.58,1
1606,09:30:01,3532.58,1
1607,09:30:01,3532.58,1
1608,09:30:01,3532.58,1
1609,09:30:01,3532.58,1
1610,09:30:01,3532.58,1
1611,09:30:01,3532.58,1
1612,09:30:01,3532.58,1
1613,09:30:01,3532.58,1
1614,09:30:01,3532.58,1
1615,09:30:01,3532.58,1
1616,09:30:01,3532.58,1
1617,09:30:01,3532.58,1
1618,09:30:01,3532.58,1
1619,09:30:01,3532.58,1
1620,09:30:01,3532.58,1
1621,09:30:01,3532.58,1
1622,09:30:01,3532.58,1
1623,09:30:01,3532.58,1
1624,09:30:01,3532.58,1
1625,09:30:01,3532.58,1
1626,09:30:01,3532.58,1
1627,09:30:01,3532.58,1
1628,09:30:01,3532.58,1
1629,09:30:01,3532.58,1
1630,09:30:01,3532.58,1
1631,09:30:01,3532.58,1
1632,09:30:01,3532.58,1
1633,09:30:01,3532.58,1
1634,09:30:01,3532.58,1
1635,09:30:01,3532.58,1
1636,09:30:01,3532.58,1
1637,09:30:01,3532.58,1
1638,09:30:01,3532.58,1
1639,09:30:01,3532.58,1
1640,09:30:01,3532.58,1
1641,09:30:01,3532.58,1
1642,09:30:01,3532.58,1
1643,09:30:01,3532.58,1
1644,09:30:01,3532.58,1
1645,09:30:01,3532.58,1
1646,09:30:01,3532.58,1
1647,09:30:01,3532.58,1
1648,09:30:01,3532.58,1
1649,09:30:01,3532.58,1
1650,09:30:01,3532.58,1
1651,09:30:01,3532.58,1
1652,09:30:01,3532.58,1
1653,09:30:01,3532.58,1
1654,09:30:01,3532.58,1
1655,09:30:01,3532.58,1
1656,09:30:01,3532.58,1
1657,09:30:01,3532.58,1
1658,09:30:01,3532.58,1
1659,09:30:01,3532.58,1
1660,09:30:01,3532.58,1
1661,09:30:01,3532.58,1
1662,09:30:01,3532.58,1
1663,09:30:01,3532.58,1
1664,09:30:01,3532.58,1
1665,09:30:01,3532.58,1
1666,09:30:01,3532.58,1
1667,09:30:01,3532.58,1
1668,09:30:01,3532.58,1
1669,09:30:01,3532.58,1
1670,09:30:01,3532.58,1
1671,09:30:01,3532.58,1
1672,09:30:01,3532.58,1
1673,09:30:01,3532.58,1
1674,09:30:01,3532.58,1
1675,09:30:01,3532.58,1
1676,09:30:01,3532.58,1
1677,09:30:01,3532.58,1
1678,09:30:01,3532.58,1
1679,09:30:01,3532.58,1
1680,09:30:01,3532.58,1
1681,09:30:01,3532.58,1
1682,09:30:01,3532.58,1
1683,09:30:01,3532.58,1
1684,09:30:01,3532.58,1
1685,09:30:01,3532.58,1
1686,09:30:01,3532.58,1
1687,09:30:01,3532.58,1
1688,09:30:01,3532.58,1
1689,09:30:01,3532.58,1
1690,09:30:01,3532.58,1
1691,09:30:01,3532.58,1
1692,09:30:01,3532.58,1
1693,09:30:01,3532.58,1
1694,09:30:01,3532.58,1
1695,09:30:01,3532.58,1
1696,09:30:01,3532.58,1
1697,09:30:01,3532.58,1
1698,09:30:01,3532.58,1
1699,09:30:01,3532.58,1
1700,09:30:01,3532.58,1
1701,09:30:01,3532.58,3
1702,09:30:01,3532.58,1
1703,09:30:01,3532.58,1
1704,09:30:01,3532.58,1
1705,09:30:01,3532.58,1
1706,09:30:01,3532.58,1
1707,09:30:01,3532.58,1
1708,09:30:01,3532.58,1
1709,09:30:01,3532.58,1
1710,09:30:01,3532.58,1
1711,09:30:01,3532.58,1
1712,09:30:01,3532.58,1
1713,09:30:01,3532.58,1
1714,09:30:01,3532.58,1
1715,09:30:01,3532.58,1
1716,09:30:01,3532.58,1
1717,09:30:01,3532.58,1
1718,09:30:01,3532.58,1
1719,09:30:01,3532.58,1
1720,09:30:01,3532.58,1
1721,09:30:01,3532.58,1
1722,09:30:01,3532.58,1
1723,09:30:01,3532.58,1
1724,09:30:01,3532.58,1
1725,09:30:01,3532.58,1
1726,09:30:01,3532.58,1
1727,09:30:01,3532.58,1
1728,09:30:01,3532.58,1
1729,09:30:01,3532.58,18
1730,09:30:01,3532.58,1
1731,09:30:01,3532.58,1
1732,09:30:01,3532.58,1
1733,09:30:01,3532.58,1
1734,09:30:01,3532.58,1
1735,09:30:01,3532.58,1
1736,09:30:01,3532.58,1
1737,09:30:01,3532.58,1
1738,09:30:01,3532.58,1
1739,09:30:01,3532.58,1
1740,09:30:01,3532.58,1
1741,09:30:01,3532.58,1
1742,09:30:01,3532.58,1
1743,09:30:01,3532.58,1
1744,09:30:01,3532.58,1
1745,09:30:01,3532.58,1
1746,09:30:01,3532.58,1
1747,09:30:01,3532.58,1
1748,09:30:01,3532.58,1
1749,09:30:01,3532.58,1
1750,09:30:01,3532.58,1
1751,09:30:01,3532.58,1
1752,09:30:01,3532.58,1
1753,09:30:01,3532.58,1
1754,09:30:01,3532.58,1
1755,09:30:01,3532.58,1
1756,09:30:01,3532.58,1
1757,09:30:01,3532.58,1
1758,09:30:01,3532.58,1
1759,09:30:01,3532.58,1
1760,09:30:01,3532.58,1
1761,09:30:01,3532.58,1
1762,09:30:01,3532.58,1
1763,09:30:01,3532.58,1
1764,09:30:01,3532.58,1
1765,09:30:01,3532.58,1
1766,09:30:01,3532.58,1
1767,09:30:01,3532.58,1
1768,09:30:01,3532.58,1
1769,09:30:01,3532.58,1
1770,09:30:01,3532.58,1
1771,09:30:01,3532.58,1
1772,09:30:01,3532.58,1
1773,09:30:01,3532.58,1
1774,09:30:01,3532.58,1
1775,09:30:01,3532.58,1
1776,09:30:01,3532.58,1
1777,09:30:01,3532.58,1
1778,09:30:01,3532.58,1
1779,09:30:01,3532.58,1
1780,09:30:01,3532.58,1
1781,09:30:01,3532.58,1
1782,09:30:01,3532.58,1
1783,09:30:01,3532.58,1
1784,09:30:01,3532.58,1
1785,09:30:01,3532.58,1
1786,09:30:01,3532.58,1
1787,09:30:01,3532.58,1
1788,09:30:01,3532.58,1
1789,09:30:01,3532.58,1
1790,09:30:01,3532.58,1
1791,09:30:01,3532.58,1
1792,09:30:01,3532.58,1
1793,09:30:01,3532.58,1
1794,09:30:01,3532.58,1
1795,09:30:01,3532.58,1
1796,09:30:01,3532.58,1
1797,09:30:01,3532.58,1
1798,09:30:01,3532.58,21
1799,09:30:01,3532.58,1
1800,09:30:01,3532.58,1
1801,09:30:01,3532.58,127
1802,09:30:01,3532.58,52
1803,09:30:01,3532.58,1
1804,09:30:01,3532.58,1
1805,09:30:01,3532.58,1
1806,09:30:01,3532.58,3
1807,09:30:01,3532.58,1
1808,09:30:01,3532.58,414
1809,09:30:01,3532.58,2
1810,09:30:01,3532.58,5
1811,09:30:01,3532.58,3
1812,09:30:01,3532.58,1
1813,09:30:01,3532.58,4
1814,09:30:01,3532.58,1
1815,09:30:01,3532.58,2
1816,09:30:01,3532.58,5
1817,09:30:01,3532.58,3
1818,09:30:01,3532.58,13
1819,09:30:01,3532.58,37
1820,09:30:01,3532.58,1
1821,09:30:01,3532.58,4
1822,09:30:01,3532.58,6
1823,09:30:01,3532.58,3
1824,09:30:01,3532.58,1
1825,09:30:01,3530.2,100
1826,09:30:01,3532.58,2
1827,09:30:01,3532.58,1
1828,09:30:01,3532.58,26
1829,09:30:01,3532.58,2
1830,09:30:01,3532.58,15
1831,09:30:01,3532.58,4
1832,09:30:01,3532.58,1
1833,09:30:01,3532.58,41
1834,09:30:01,3532.58,1
1835,09:30:01,3532.58,1
1836,09:30:01,3532.58,7
1837,09:30:01,3532.58,3
1838,09:30:01,3532.58,1
1839,09:30:01,3532.58,1
1840,09:30:01,3532.58,3
1841,09:30:01,3532.58,3
1842,09:30:01,3532.58,2
1843,09:30:01,3532.58,2
1844,09:30:01,3532.58,5
1845,09:30:01,3532.58,1
1846,09:30:01,3532.58,21
1847,09:30:01,3532.58,1
1848,09:30:01,3532.58,2
1849,09:30:01,3532.58,1
1850,09:30:01,3532.58,13
1851,09:30:01,3532.58,3
1852,09:30:01,3532.58,5
1853,09:30:01,3532.58,1
1854,09:30:01,3532.58,1
1855,09:30:01,3532.58,2
1856,09:30:01,3532.58,1
1857,09:30:01,3532.58,3
1858,09:30:01,3532.58,1
1859,09:30:01,3532.58,50
1860,09:30:01,3532.58,15
1861,09:30:01,3532.58,3
1862,09:30:01,3532.58,1
1863,09:30:01,3532.58,1
1864,09:30:01,3532.58,1
1865,09:30:01,3532.58,7
1866,09:30:01,3532.58,2
1867,09:30:01,3532.58,1
1868,09:30:01,3532.58,1
1869,09:30:01,3532.58,2
1870,09:30:01,3532.58,3
1871,09:30:01,3532.58,11
1872,09:30:01,3532.58,1
1873,09:30:01,3532.58,1
1874,09:30:01,3532.58,3
1875,09:30:01,3532.58,3
1876,09:30:01,3532.58,1
1877,09:30:01,3532.58,6
1878,09:30:01,3532.58,15
1879,09:30:01,3532.58,1
1880,09:30:01,3532.58,1
1881,09:30:01,3532.58,6
1882,09:30:01,3532.58,3
1883,09:30:01,3532.58,1
1884,09:30:01,3532.58,1
1885,09:30:01,3532.58,1
1886,09:30:01,3532.58,28
1887,09:30:01,3532.58,1
1888,09:30:01,3532.58,1
1889,09:30:01,3532.58,8
1890,09:30:01,3532.58,9
1891,09:30:01,3532.58,5
1892,09:30:01,3532.58,1
1893,09:30:01,3532.58,1
1894,09:30:01,3532.58,4
1895,09:30:01,3532.58,1
1896,09:30:01,3532.58,1
1897,09:30:01,3532.58,1
1898,09:30:01,3532.58,3
1899,09:30:01,3532.58,1
1900,09:30:01,3532.58,1
1901,09:30:01,3532.58,1
1902,09:30:01,3532.58,2
1903,09:30:01,3532.58,12
1904,09:30:01,3532.58,3
1905,09:30:01,3532.58,10
1906,09:30:01,3532.58,1
1907,09:30:01,3532.58,10
1908,09:30:01,3532.58,1
1909,09:30:01,3532.58,2
1910,09:30:01,3532.58,1
1911,09:30:01,3532.58,2
1912,09:30:01,3532.58,2
1913,09:30:01,3532.58,2
1914,09:30:01,3532.58,10
1915,09:30:01,3532.58,2
1916,09:30:01,3532.58,1
1917,09:30:01,3532.58,1
1918,09:30:01,3532.58,1
1919,09:30:01,3532.58,1
1920,09:30:01,3532.58,5
1921,09:30:01,3532.58,1
1922,09:30:01,3532.58,2
1923,09:30:01,3532.58,2
1924,09:30:01,3532.58,3
1925,09:30:01,3532.58,2
1926,09:30:01,3532.58,1
1927,09:30:01,3532.58,1
1928,09:30:01,3532.58,1
1929,09:30:01,3532.58,2
1930,09:30:01,3532.58,2
1931,09:30:01,3532.58,2
1932,09:30:01,3532.58,1
1933,09:30:01,3532.58,3
1934,09:30:01,3532.58,1
1935,09:30:01,3532.58,13
1936,09:30:01,3532.58,6
1937,09:30:01,3532.58,1
1938,09:30:01,3532.58,10
1939,09:30:01,3532.58,4
1940,09:30:01,3532.58,1
1941,09:30:01,3532.58,2
1942,09:30:01,3532.58,1
1943,09:30:01,3532.58,1
1944,09:30:01,3532.58,10
1945,09:30:01,3532.58,4
1946,09:30:01,3532.58,1
1947,09:30:01,3532.58,3
1948,09:30:01,3532.58,3
1949,09:30:01,3532.58,1
1950,09:30:01,3532.58,2
1951,09:30:01,3532.58,1
1952,09:30:01,3532.58,2
1953,09:30:01,3532.58,1
1954,09:30:01,3532.58,1
1955,09:30:01,3532.58,1
1956,09:30:01,3532.58,1
1957,09:30:01,3532.58,1
1958,09:30:01,3532.58,2
1959,09:30:01,3532.58,1
1960,09:30:01,3532.58,3
1961,09:30:01,3532.58,1
1962,09:30:01,3532.58,1
1963,09:30:01,3532.58,1
1964,09:30:01,3532.58,1
1965,09:30:01,3532.58,1
1966,09:30:01,3532.58,2
1967,09:30:01,3532.58,2
1968,09:30:01,3532.58,6
1969,09:30:01,3532.58,5
1970,09:30:01,3532.58,2
1971,09:30:01,3532.58,1
1972,09:30:01,3532.58,2
1973,09:30:01,3532.58,1
1974,09:30:01,3532.58,1
1975,09:30:01,3532.58,2
1976,09:30:01,3532.58,1
1977,09:30:01,3532.58,1
1978,09:30:01,3532.58,3
1979,09:30:01,3532.58,1
1980,09:30:01,3532.58,1
1981,09:30:01,3532.58,1
1982,09:30:01,3532.58,1
1983,09:30:01,3532.58,1
1984,09:30:01,3532.58,3
1985,09:30:01,3532.58,23
1986,09:30:01,3532.58,1
1987,09:30:01,3532.58,16
1988,09:30:01,3532.58,15
1989,09:30:01,3532.58,20
1990,09:30:01,3532.58,2
1991,09:30:01,3532.58,2
1992,09:30:01,3532.58,2
1993,09:30:01,3532.58,3
1994,09:30:01,3532.58,10
1995,09:30:01,3532.58,1
1996,09:30:01,3532.58,1
1997,09:30:01,3532.58,1
1998,09:30:01,3532.58,1
1999,09:30:01,3532.58,3
2000,09:30:01,3532.58,2
2001,09:30:01,3532.58,3
2002,09:30:01,3532.58,1
2003,09:30:01,3532.58,2
2004,09:30:01,3532.58,2
2005,09:30:01,3532.58,2
2006,09:30:01,3532.58,2
2007,09:30:01,3532.58,1
2008,09:30:01,3532.58,5
2009,09:30:01,3532.58,1
2010,09:30:01,3532.58,1
2011,09:30:01,3532.58,1
2012,09:30:01,3532.58,2
2013,09:30:01,3532.58,2
2014,09:30:01,3532.58,1
2015,09:30:01,3532.58,10
2016,09:30:01,3532.58,1
2017,09:30:01,3532.58,5
2018,09:30:01,3532.58,1
2019,09:30:01,3532.58,10
2020,09:30:01,3532.58,10
2021,09:30:01,3532.58,1
2022,09:30:01,3532.58,2
2023,09:30:01,3532.58,10
2024,09:30:01,3532.58,2
2025,09:30:01,3532.58,39
2026,09:30:01,3532.58,10
2027,09:30:01,3532.58,5
2028,09:30:01,3532.58,10
2029,09:30:01,3532.58,1
2030,09:30:01,3532.58,1
2031,09:30:01,3532.58,2
2032,09:30:01,3532.58,2
2033,09:30:01,3532.58,1
2034,09:30:01,3532.58,5
2035,09:30:01,3532.58,10
2036,09:30:01,3532.58,20
2037,09:30:01,3532.58,5
2038,09:30:01,3532.58,10
2039,09:30:01,3532.58,12
2040,09:30:01,3532.58,4
2041,09:30:01,3532.58,1
2042,09:30:01,3532.58,1
2043,09:30:01,3532.58,2
2044,09:30:01,3532.58,6
2045,09:30:01,3532.58,1
2046,09:30:01,3532.58,1
2047,09:30:01,3532.58,1
2048,09:30:01,3532.58,1
2049,09:30:01,3532.58,5
2050,09:30:01,3532.58,1
2051,09:30:01,3532.58,2
2052,09:30:01,3532.58,15
2053,09:30:01,3532.58,10
2054,09:30:01,3532.58,1
2055,09:30:01,3532.58,3
2056,09:30:01,3532.58,3
2057,09:30:01,3532.58,1
2058,09:30:01,3532.58,3
2059,09:30:01,3532.58,1
2060,09:30:01,3532.58,4
2061,09:30:01,3532.58,3
2062,09:30:01,3532.58,1
2063,09:30:01,3532.58,1
2064,09:30:01,3532.58,8
2065,09:30:01,3532.58,2
2066,09:30:01,3532.58,5
2067,09:30:01,3532.58,1
2068,09:30:01,3532.58,10
2069,09:30:01,3532.58,1
2070,09:30:01,3532.58,2
2071,09:30:01,3532.58,1
2072,09:30:01,3532.58,1
2073,09:30:01,3532.58,8
2074,09:30:01,3532.58,11
2075,09:30:01,3532.58,9
2076,09:30:01,3532.58,14
2077,09:30:01,3532.58,1
2078,09:30:01,3532.58,1
2079,09:30:01,3532.58,1
2080,09:30:01,3532.58,1
2081,09:30:01,3532.58,1
2082,09:30:01,3532.58,1
2083,09:30:01,3532.58,3
2084,09:30:01,3532.58,1
2085,09:30:01,3532.58,15
2086,09:30:01,3532.58,1
2087,09:30:01,3532.58,234
2088,09:30:01,3532.58,1
2089,09:30:01,3532.58,1
2090,09:30:01,3532.58,1
2091,09:30:01,3532.58,3
2092,09:30:01,3532.58,1
2093,09:30:01,3532.58,2
2094,09:30:01,3532.58,5
2095,09:30:01,3532.58,1
2096,09:30:01,3532.58,7
2097,09:30:01,3532.58,2
2098,09:30:01,3532.58,5
2099,09:30:01,3532.58,16
2100,09:30:01,3532.58,18
2101,09:30:01,3532.58,28
2102,09:30:01,3532.58,1
2103,09:30:01,3532.58,153
2104,09:30:01,3532.58,5
2105,09:30:01,3532.58,26
2106,09:30:01,3532.58,240
2107,09:30:01,3532.58,8
2108,09:30:01,3532.58,1
2109,09:30:01,3532.58,20
2110,09:30:01,3532.58,29
2111,09:30:01,3532.58,3
2112,09:30:01,3532.58,2
2113,09:30:01,3532.58,1
2114,09:30:01,3532.58,5
2115,09:30:01,3532.58,16
2116,09:30:01,3532.58,10
2117,09:30:01,3532.58,4
2118,09:30:01,3532.58,3
2119,09:30:01,3532.58,20
2120,09:30:01,3532.58,3
2121,09:30:01,3532.58,2
2122,09:30:01,3532.58,1
2123,09:30:01,3532.58,5
2124,09:30:01,3532.58,4
2125,09:30:01,3532.58,4
2126,09:30:01,3532.58,5
2127,09:30:01,3532.58,3
2128,09:30:01,3532.58,220
2129,09:30:01,3532.58,4
2130,09:30:01,3532.58,1
2131,09:30:01,3532.58,2
2132,09:30:01,3532.58,5
2133,09:30:01,3532.58,1
2134,09:30:01,3532.58,5
2135,09:30:01,3532.58,10
2136,09:30:01,3532.58,4
2137,09:30:01,3532.58,1
2138,09:30:01,3532.58,1
2139,09:30:01,3532.58,2
2140,09:30:01,3532.58,3
2141,09:30:01,3532.58,1
2142,09:30:01,3532.58,1
2143,09:30:01,3532.58,1
2144,09:30:01,3532.58,1
2145,09:30:01,3532.58,1
2146,09:30:01,3532.58,2
2147,09:30:01,3532.58,30
2148,09:30:01,3532.58,1
2149,09:30:01,3532.58,1
2150,09:30:01,3532.58,1
2151,09:30:01,3532.58,20
2152,09:30:01,3532.58,8
2153,09:30:01,3532.58,1
2154,09:30:01,3532.58,4
2155,09:30:01,3532.58,10
2156,09:30:01,3532.58,1
2157,09:30:01,3532.58,1
2158,09:30:01,3532.58,2
2159,09:30:01,3532.58,2000
2160,09:30:01,3532.58,1
2161,09:30:01,3532.58,1
2162,09:30:01,3532.58,5
2163,09:30:01,3532.58,5
2164,09:30:01,3532.58,1
2165,09:30:01,3532.58,1
2166,09:30:01,3532.58,40
2167,09:30:01,3532.58,1
2168,09:30:01,3532.58,1
2169,09:30:01,3532.58,1
2170,09:30:01,3532.58,4
2171,09:30:01,3532.58,4
2172,09:30:01,3532.58,25
2173,09:30:01,3532.58,1
2174,09:30:01,3532.58,2
2175,09:30:01,3532.58,25
2176,09:30:01,3532.58,1
2177,09:30:01,3532.58,1
2178,09:30:01,3532.58,1
2179,09:30:01,3532.58,2
2180,09:30:01,3532.58,1
2181,09:30:01,3532.58,1
2182,09:30:01,3532.58,2
2183,09:30:01,3532.58,2
2184,09:30:01,3532.58,1
2185,09:30:01,3532.58,3
2186,09:30:01,3532.58,2
2187,09:30:01,3532.58,3
2188,09:30:01,3532.58,6
2189,09:30:01,3532.58,1
2190,09:30:01,3532.58,2
2191,09:30:01,3532.58,8
2192,09:30:01,3532.58,2
2193,09:30:01,3532.58,2
2194,09:30:01,3532.58,1
2195,09:30:01,3532.58,1
2196,09:30:01,3532.58,1
2197,09:30:01,3532.58,1
2198,09:30:01,3532.58,9
2199,09:30:01,3532.58,2
2200,09:30:01,3532.58,1
2201,09:30:01,3532.58,12
2202,09:30:01,3532.58,3
2203,09:30:01,3532.58,17
2204,09:30:01,3532.58,6
2205,09:30:01,3532.58,1
2206,09:30:01,3532.58,220
2207,09:30:01,3532.58,3
2208,09:30:01,3532.58,1
2209,09:30:01,3532.58,10
2210,09:30:01,3532.58,1
2211,09:30:01,3532.58,3
2212,09:30:01,3532.58,2
2213,09:30:01,3532.58,6
2214,09:30:01,3532.58,5
2215,09:30:01,3532.58,85
2216,09:30:01,3532.58,26
2217,09:30:01,3532.58,1
2218,09:30:01,3532.58,167
2219,09:30:01,3532.58,1
2220,09:30:01,3532.58,5
2221,09:30:01,3532.58,4
2222,09:30:01,3532.58,1
2223,09:30:01,3532.58,4
2224,09:30:01,3532.58,1
2225,09:30:01,3532.58,1
2226,09:30:01,3532.58,1
2227,09:30:01,3532.58,1
2228,09:30:01,3532.58,1
2229,09:30:01,3532.58,405
2230,09:30:01,3532.58,16
2231,09:30:01,3532.58,2
2232,09:30:01,3532.58,2
2233,09:30:01,3532.58,2
2234,09:30:01,3532.58,2
2235,09:30:01,3532.58,1
2236,09:30:01,3532.58,857
2237,09:30:01,3532.58,3
2238,09:30:01,3532.58,1
2239,09:30:01,3532.58,1
2240,09:30:01,3532.58,3
2241,09:30:01,3532.58,938
2242,09:30:01,3532.58,13
2243,09:30:01,3532.58,15
2244,09:30:01,3532.58,12
2245,09:30:01,3532.58,1
2246,09:30:01,3532.58,4
2247,09:30:01,3532.58,3
2248,09:30:01,3532.58,69
2249,09:30:01,3532.58,1
2250,09:30:01,3532.58,15
2251,09:30:01,3532.58,1
2252,09:30:01,3532.58,5
2253,09:30:01,3532.58,1
2254,09:30:01,3532.58,1
2255,09:30:01,3532.58,1
2256,09:30:01,3532.58,1
2257,09:30:01,3532.58,2
2258,09:30:01,3532.58,20
2259,09:30:01,3532.58,50
2260,09:30:01,3532.58,9
2261,09:30:01,3532.58,1
2262,09:30:01,3532.58,1
2263,09:30:01,3532.58,2
2264,09:30:01,3532.58,2
2265,09:30:01,3532.58,7
2266,09:30:01,3532.58,19
2267,09:30:01,3532.58,12
2268,09:30:01,3532.58,335
2269,09:30:01,3532.58,1
2270,09:30:01,3532.58,4
2271,09:30:01,3532.58,9
2272,09:30:01,3532.58,1
2273,09:30:01,3532.58,1
2274,09:30:01,3532.58,12
2275,09:30:01,3532.58,1
2276,09:30:01,3532.58,1
2277,09:30:01,3532.58,1
2278,09:30:01,3532.58,1
2279,09:30:01,3532.58,14
2280,09:30:01,3532.58,68
2281,09:30:01,3532.58,1
2282,09:30:01,3532.58,1
2283,09:30:01,3532.58,1
2284,09:30:01,3532.58,15
2285,09:30:01,3532.58,2
2286,09:30:01,3532.58,35
2287,09:30:01,3532.58,30
2288,09:30:01,3532.58,2
2289,09:30:01,3532.58,1
2290,09:30:01,3532.58,5
2291,09:30:01,3532.58,126
2292,09:30:01,3532.58,1
2293,09:30:01,3532.58,3
2294,09:30:01,3532.58,337
2295,09:30:01,3532.58,3
2296,09:30:01,3532.58,15
2297,09:30:01,3532.58,3
2298,09:30:01,3532.58,3
2299,09:30:01,3532.58,20
2300,09:30:01,3532.58,790
2301,09:30:01,3532.58,2
2302,09:30:01,3532.58,15
2303,09:30:01,3532.58,170
2304,09:30:01,3532.58,20
2305,09:30:01,3532.58,1
2306,09:30:01,3532.58,1
2307,09:30:01,3532.58,1
2308,09:30:01,3532.58,10
2309,09:30:01,3532.58,13
2310,09:30:01,3532.58,3
2311,09:30:01,3532.58,5
2312,09:30:01,3532.58,18
2313,09:30:01,3532.58,6
2314,09:30:01,3532.58,1
2315,09:30:01,3532.58,84
2316,09:30:01,3532.58,231
2317,09:30:01,3532.58,20
2318,09:30:01,3532.58,9
2319,09:30:01,3532.58,2
2320,09:30:01,3532.58,1
2321,09:30:01,3532.58,300
2322,09:30:01,3532.58,2
2323,09:30:01,3532.58,2
2324,09:30:01,3532.58,1
2325,09:30:01,3532.58,3
2326,09:30:01,3532.58,90
2327,09:30:01,3532.58,5
2328,09:30:01,3532.58,5
2329,09:30:01,3532.58,1
2330,09:30:01,3532.58,1500
2331,09:30:01,3532.58,3
2332,09:30:01,3532.58,1
2333,09:30:01,3532.58,11
2334,09:30:01,3532.58,2
2335,09:30:01,3532.58,3
2336,09:30:01,3532.58,3
2337,09:30:01,3532.58,1
2338,09:30:01,3532.58,2
2339,09:30:01,3532.58,1
2340,09:30:01,3532.58,5
2341,09:30:01,3532.58,20
2342,09:30:01,3532.58,1
2343,09:30:01,3532.58,26
2344,09:30:01,3532.58,10
2345,09:30:01,3532.58,1
2346,09:30:01,3532.58,67
2347,09:30:01,3532.58,300
2348,09:30:01,3532.58,483
2349,09:30:01,3532.58,20
2350,09:30:01,3532.58,1
2351,09:30:01,3532.58,1
2352,09:30:01,3532.58,4
2353,09:30:01,3532.58,60
2354,09:30:01,3532.58,4
2355,09:30:01,3532.58,21
2356,09:30:01,3532.58,1
2357,09:30:01,3532.58,21
2358,09:30:01,3532.58,1
2359,09:30:01,3532.58,1
2360,09:30:01,3532.58,262
2361,09:30:01,3532.58,2
2362,09:30:01,3532.58,1
2363,09:30:01,3532.58,71
2364,09:30:01,3532.58,69
2365,09:30:01,3532.58,1
2366,09:30:01,3532.58,1
2367,09:30:01,3532.58,32
2368,09:30:01,3532.58,3
2369,09:30:01,3532.58,2
2370,09:30:01,3532.58,7
2371,09:30:01,3532.58,1
2372,09:30:01,3532.58,1
2373,09:30:01,3532.58,4
2374,09:30:01,3532.58,17
2375,09:30:01,3532.58,17
2376,09:30:01,3532.58,60
2377,09:30:01,3532.58,85
2378,09:30:01,3532.58,5
2379,09:30:01,3532.58,1
2380,09:30:01,3532.58,5
2381,09:30:01,3532.58,1
2382,09:30:01,3532.58,77
2383,09:30:01,3532.58,40
2384,09:30:01,3532.58,1
2385,09:30:01,3532.58,1
2386,09:30:01,3532.58,25
2387,09:30:01,3532.58,200
2388,09:30:01,3532.58,10
2389,09:30:01,3532.58,1
2390,09:30:01,3532.58,15
2391,09:30:01,3532.58,100
2392,09:30:01,3532.58,1
2393,09:30:01,3532.58,7
2394,09:30:01,3532.58,70
2395,09:30:01,3532.58,1
2396,09:30:01,3532.58,5
2397,09:30:01,3532.58,1
2398,09:30:01,3532.58,1822
2399,09:30:01,3532.58,430
2400,09:30:01,3532.58,173
2401,09:30:01,3532.58,500
2402,09:30:01,3532.58,10
2403,09:30:01,3532.58,1
2404,09:30:01,3532.58,3
2405,09:30:01,3532.58,1
2406,09:30:01,3532.58,25
2407,09:30:01,3532.58,7
2408,09:30:01,3532.58,5
2409,09:30:01,3532.58,2
2410,09:30:01,3532.58,4
2411,09:30:01,3532.58,9
2412,09:30:01,3532.58,2
2413,09:30:01,3532.58,1
2414,09:30:01,3532.58,2
2415,09:30:01,3532.58,18
2416,09:30:01,3532.58,7
2417,09:30:01,3532.58,227
2418,09:30:01,3532.58,70
2419,09:30:01,3532.58,1170
2420,09:30:01,3532.58,3
2421,09:30:01,3532.58,1
2422,09:30:01,3532.58,8
2423,09:30:01,3532.58,11
2424,09:30:01,3532.58,7
2425,09:30:01,3532.58,6
2426,09:30:01,3532.58,17
2427,09:30:01,3532.58,7
2428,09:30:01,3532.58,5
2429,09:30:01,3532.58,17
2430,09:30:01,3532.58,31
2431,09:30:01,3532.58,205
2432,09:30:01,3532.58,4
2433,09:30:01,3532.58,21
2434,09:30:01,3532.58,3
2435,09:30:01,3532.58,100
2436,09:30:01,3532.58,2
2437,09:30:01,3532.58,2
2438,09:30:01,3532.58,4
2439,09:30:01,3532.58,3
2440,09:30:01,3532.58,43
2441,09:30:01,3532.58,60
2442,09:30:01,3532.58,1
2443,09:30:01,3532.58,5
2444,09:30:01,3532.58,18
2445,09:30:01,3532.58,2
2446,09:30:01,3532.58,130
2447,09:30:01,3532.58,189
2448,09:30:01,3532.58,1
2449,09:30:01,3532.58,2117
2450,09:30:01,3532.58,1
2451,09:30:01,3532.58,1
2452,09:30:01,3532.58,141
2453,09:30:01,3532.58,1
2454,09:30:01,3532.58,3
2455,09:30:01,3532.58,61
2456,09:30:01,3532.58,6
2457,09:30:01,3532.58,1
2458,09:30:01,3532.58,47
2459,09:30:01,3532.58,5
2460,09:30:01,3532.58,51
2461,09:30:01,3532.58,4
2462,09:30:01,3532.58,1
2463,09:30:01,3532.58,3
2464,09:30:01,3532.58,1333
2465,09:30:01,3532.58,3
2466,09:30:01,3532.58,15
2467,09:30:01,3532.58,634
2468,09:30:01,3532.58,194
2469,09:30:01,3532.58,1
2470,09:30:01,3532.58,15
2471,09:30:01,3532.58,7
2472,09:30:01,3532.58,1
2473,09:30:01,3532.58,1
2474,09:30:01,3532.58,1
2475,09:30:01,3532.58,6
2476,09:30:01,3532.58,2
2477,09:30:01,3532.58,18
2478,09:30:01,3532.58,3
2479,09:30:01,3532.58,5
2480,09:30:01,3532.58,1
2481,09:30:01,3532.58,4
2482,09:30:01,3532.58,56
2483,09:30:01,3532.58,110
2484,09:30:01,3532.58,254
2485,09:30:01,3532.58,10
2486,09:30:01,3532.58,100
2487,09:30:01,3532.58,13
2488,09:30:01,3532.58,1800
2489,09:30:01,3532.58,100
2490,09:30:01,3532.58,200
2491,09:30:01,3532.58,2
2492,09:30:01,3532.58,8
2493,09:30:01,3532.58,42
2494,09:30:01,3530.0,100
2495,09:30:01,3532.58,6
2496,09:30:01,3532.58,43
2497,09:30:01,3532.58,2
2498,09:30:01,3532.58,2
2499,09:30:01,3532.58,70
2500,09:30:01,3532.58,1
2501,09:30:01,3532.58,2
2502,09:30:01,3532.58,2
2503,09:30:01,3532.58,2
2504,09:30:01,3532.58,3
2505,09:30:01,3532.58,2
2506,09:30:01,3532.58,1
2507,09:30:01,3532.58,2
2508,09:30:01,3532.58,1
2509,09:30:01,3532.58,2
2510,09:30:01,3532.58,1
2511,09:30:01,3532.58,59
2512,09:30:01,3532.58,4
2513,09:30:01,3532.58,1
2514,09:30:01,3532.58,2
2515,09:30:01,3532.58,3
2516,09:30:01,3532.58,1
2517,09:30:01,3532.58,2
2518,09:30:01,3532.58,1
2519,09:30:01,3532.58,3
2520,09:30:01,3532.58,12
2521,09:30:01,3532.58,1
2522,09:30:01,3532.58,11
2523,09:30:01,3532.58,1
2524,09:30:01,3532.58,190
2525,09:30:01,3532.58,1
2526,09:30:01,3532.58,6
2527,09:30:01,3532.58,4
2528,09:30:01,3532.58,4
2529,09:30:01,3532.58,1
2530,09:30:01,3532.58,2
2531,09:30:01,3532.58,1
2532,09:30:01,3532.58,1
2533,09:30:01,3532.58,2
2534,09:30:01,3532.58,2
2535,09:30:01,3532.58,82
2536,09:30:01,3532.58,2
2537,09:30:01,3532.58,1
2538,09:30:01,3532.58,5
2539,09:30:01,3532.58,2
2540,09:30:01,3532.58,4
2541,09:30:01,3532.58,1
2542,09:30:01,3532.58,2
2543,09:30:01,3532.58,1
2544,09:30:01,3532.58,10
2545,09:30:01,3532.58,5
2546,09:30:01,3532.58,23
2547,09:30:01,3532.58,1
2548,09:30:01,3532.58,2
2549,09:30:01,3532.58,1
2550,09:30:01,3532.58,1
2551,09:30:01,3532.58,2
2552,09:30:01,3532.58,1
2553,09:30:01,3532.58,1
2554,09:30:01,3532.58,1
2555,09:30:01,3532.58,3
2556,09:30:01,3532.58,1
2557,09:30:01,3532.58,7
2558,09:30:01,3532.58,2
2559,09:30:01,3532.58,2
2560,09:30:01,3532.58,1
2561,09:30:01,3532.58,1
2562,09:30:01,3532.58,1
2563,09:30:01,3532.58,1
2564,09:30:01,3532.58,1
2565,09:30:01,3532.58,1
2566,09:30:01,3532.58,1
2567,09:30:01,3532.58,1
2568,09:30:01,3532.58,1
2569,09:30:01,3532.58,1
2570,09:30:01,3532.58,1
2571,09:30:01,3532.58,1
2572,09:30:01,3532.58,2
2573,09:30:01,3532.58,1
2574,09:30:01,3532.58,1
2575,09:30:01,3532.58,2
2576,09:30:01,3532.58,1
2577,09:30:01,3532.58,2
2578,09:30:01,3532.58,1
2579,09:30:01,3532.58,1
2580,09:30:01,3532.58,1
2581,09:30:01,3532.58,1
2582,09:30:01,3532.58,1
2583,09:30:01,3532.58,1
2584,09:30:01,3532.58,1
2585,09:30:01,3532.58,10
2586,09:30:01,3532.58,30
2587,09:30:01,3532.58,5
2588,09:30:01,3532.58,6
2589,09:30:01,3532.58,2
2590,09:30:01,3532.58,4
2591,09:30:01,3532.58,9
2592,09:30:01,3532.58,1
2593,09:30:01,3532.58,2
2594,09:30:01,3532.58,1
2595,09:30:01,3532.58,1
2596,09:30:01,3532.58,1
2597,09:30:01,3532.58,1
2598,09:30:01,3532.58,1
2599,09:30:01,3532.58,1
2600,09:30:01,3532.58,1
2601,09:30:01,3532.58,2
2602,09:30:01,3532.58,1
2603,09:30:01,3532.58,1
2604,09:30:01,3532.58,1
2605,09:30:01,3532.58,1
2606,09:30:01,3532.58,1
2607,09:30:01,3532.58,1
2608,09:30:01,3532.58,3
2609,09:30:01,3532.58,3
2610,09:30:01,3532.58,2
2611,09:30:01,3532.58,1
2612,09:30:01,3532.58,1
2613,09:30:01,3532.58,1
2614,09:30:01,3532.58,13
2615,09:30:01,3532.58,3
2616,09:30:01,3532.58,1
2617,09:30:01,3532.58,1
2618,09:30:01,3532.58,2
2619,09:30:01,3532.58,5
2620,09:30:01,3532.58,3
2621,09:30:01,3532.58,1
2622,09:30:01,3532.58,2
2623,09:30:01,3532.58,1
2624,09:30:01,3532.58,8
2625,09:30:01,3532.58,10
2626,09:30:01,3532.58,13
2627,09:30:01,3532.58,11
2628,09:30:01,3532.58,2
2629,09:30:01,3532.58,2
2630,09:30:01,3532.58,2
2631,09:30:01,3532.58,1
2632,09:30:01,3532.58,3
2633,09:30:01,3532.58,28
2634,09:30:01,3532.58,1
2635,09:30:01,3532.58,1
2636,09:30:01,3532.58,2
2637,09:30:01,3532.58,1
2638,09:30:01,3532.58,2
2639,09:30:01,3532.58,509
2640,09:30:01,3532.58,163
2641,09:30:01,3532.58,2
2642,09:30:01,3532.58,1
2643,09:30:01,3532.58,1
2644,09:30:01,3532.58,3
2645,09:30:01,3532.58,1
2646,09:30:01,3532.58,1
2647,09:30:01,3532.58,3
2648,09:30:01,3532.58,1
2649,09:30:01,3532.58,1
2650,09:30:01,3532.58,11
2651,09:30:01,3532.58,1
2652,09:30:01,3532.58,44
2653,09:30:01,3532.58,5
2654,09:30:01,3532.58,5
2655,09:30:01,3532.58,1
2656,09:30:01,3532.58,95
2657,09:30:01,3532.58,19
2658,09:30:01,3532.58,3
2659,09:30:01,3532.58,30
2660,09:30:01,3532.58,3
2661,09:30:01,3532.58,1
2662,09:30:01,3532.58,1
2663,09:30:01,3532.58,2
2664,09:30:01,3532.58,3
2665,09:30:01,3532.58,1
2666,09:30:01,3532.58,2
2667,09:30:01,3532.58,1
2668,09:30:01,3532.58,282
2669,09:30:01,3532.58,1
2670,09:30:01,3532.58,1
2671,09:30:01,3532.58,15
2672,09:30:01,3532.58,7
2673,09:30:01,3532.58,7
2674,09:30:01,3532.58,3
2675,09:30:01,3532.58,3
2676,09:30:01,3532.58,3
2677,09:30:01,3532.58,1
2678,09:30:01,3532.58,1
2679,09:30:01,3532.58,1
2680,09:30:01,3532.58,1
2681,09:30:01,3532.58,46
2682,09:30:01,3532.58,3
2683,09:30:01,3532.58,2
2684,09:30:01,3532.58,5
2685,09:30:01,3532.58,1
2686,09:30:01,3532.58,12
2687,09:30:01,3532.58,1
2688,09:30:01,3532.58,1
2689,09:30:01,3532.58,1
2690,09:30:01,3532.58,1
2691,09:30:01,3532.58,1
2692,09:30:01,3532.58,2
2693,09:30:01,3532.58,2
2694,09:30:01,3532.58,2
2695,09:30:01,3532.58,1
2696,09:30:01,3532.58,1
2697,09:30:01,3532.58,1
2698,09:30:01,3532.58,1
2699,09:30:01,3532.58,1
2700,09:30:01,3532.58,8
2701,09:30:01,3532.58,3
2702,09:30:01,3532.58,5
2703,09:30:01,3532.58,2
2704,09:30:01,3532.58,1
2705,09:30:01,3532.58,1
2706,09:30:01,3532.58,1
2707,09:30:01,3532.58,10
2708,09:30:01,3532.58,2
2709,09:30:01,3532.58,2
2710,09:30:01,3532.58,1
2711,09:30:01,3532.58,2
2712,09:30:01,3532.58,5
2713,09:30:01,3532.58,30
2714,09:30:01,3532.58,30
2715,09:30:01,3532.58,1
2716,09:30:01,3532.58,75
2717,09:30:01,3532.58,26
2718,09:30:01,3532.58,65
2719,09:30:01,3532.58,1
2720,09:30:01,3532.58,1
2721,09:30:01,3532.58,1
2722,09:30:01,3532.58,1
2723,09:30:01,3532.58,6
2724,09:30:01,3532.58,1
2725,09:30:01,3532.58,12
2726,09:30:01,3532.58,2
2727,09:30:01,3532.58,1
2728,09:30:01,3532.58,2
2729,09:30:01,3532.58,1
2730,09:30:01,3532.58,1
2731,09:30:01,3532.58,1
2732,09:30:01,3532.58,1
2733,09:30:01,3532.58,35
2734,09:30:01,3532.58,46
2735,09:30:01,3532.58,19
2736,09:30:01,3532.58,8
2737,09:30:01,3532.58,1
2738,09:30:01,3532.58,3
2739,09:30:01,3532.58,5
2740,09:30:01,3532.58,1
2741,09:30:01,3532.58,2
2742,09:30:01,3532.58,1
2743,09:30:01,3532.58,1
2744,09:30:01,3532.58,1
2745,09:30:01,3532.58,5
2746,09:30:01,3532.58,3
2747,09:30:01,3532.58,1
2748,09:30:01,3532.58,17
2749,09:30:01,3532.58,5
2750,09:30:01,3532.58,1
2751,09:30:01,3532.58,1
2752,09:30:01,3532.58,29
2753,09:30:01,3532.58,1
2754,09:30:01,3532.58,3
2755,09:30:01,3532.58,400
2756,09:30:01,3532.58,1
2757,09:30:01,3532.58,1
2758,09:30:01,3532.58,2
2759,09:30:01,3532.58,1
2760,09:30:01,3532.58,2
2761,09:30:01,3532.58,1
2762,09:30:01,3532.58,9
2763,09:30:01,3532.58,1
2764,09:30:01,3532.58,1
2765,09:30:01,3532.58,25
2766,09:30:01,3532.58,1
2767,09:30:01,3532.58,1
2768,09:30:01,3532.58,1
2769,09:30:01,3532.58,11
2770,09:30:01,3532.58,1
2771,09:30:01,3532.58,2
2772,09:30:01,3532.58,1
2773,09:30:01,3532.58,25
2774,09:30:01,3532.58,4
2775,09:30:01,3532.58,1
2776,09:30:01,3532.58,11
2777,09:30:01,3532.58,13
2778,09:30:01,3532.58,2
2779,09:30:01,3532.58,2
2780,09:30:01,3532.58,15
2781,09:30:01,3532.58,5
2782,09:30:01,3532.58,1
2783,09:30:01,3532.58,10
2784,09:30:01,3532.58,3
2785,09:30:01,3532.58,5
2786,09:30:01,3532.58,8
2787,09:30:01,3532.58,4
2788,09:30:01,3532.58,1
2789,09:30:01,3532.58,1
2790,09:30:01,3532.58,1
2791,09:30:01,3532.58,1
2792,09:30:01,3532.58,4
2793,09:30:01,3532.58,1
2794,09:30:01,3532.58,1
2795,09:30:01,3532.58,5
2796,09:30:01,3532.58,1
2797,09:30:01,3532.58,1
2798,09:30:01,3532.58,3
2799,09:30:01,3532.58,1
2800,09:30:01,3532.58,1
2801,09:30:01,3532.58,1
2802,09:30:01,3532.58,1
2803,09:30:01,3532.58,3
2804,09:30:01,3532.58,1
2805,09:30:01,3532.58,1
2806,09:30:01,3532.58,2
2807,09:30:01,3532.58,1
2808,09:30:01,3532.58,3
2809,09:30:01,3532.58,1
2810,09:30:01,3532.58,1
2811,09:30:01,3532.58,35
2812,09:30:01,3532.58,1
2813,09:30:01,3532.58,3
2814,09:30:01,3532.58,60
2815,09:30:01,3532.58,1
2816,09:30:01,3532.58,10
2817,09:30:01,3532.58,5
2818,09:30:01,3532.58,1
2819,09:30:01,3532.58,1
2820,09:30:01,3532.58,1
2821,09:30:01,3532.58,2
2822,09:30:01,3532.58,1
2823,09:30:01,3532.58,2
2824,09:30:01,3532.58,1
2825,09:30:01,3532.58,1
2826,09:30:01,3532.58,5
2827,09:30:01,3532.58,1
2828,09:30:01,3532.58,1
2829,09:30:01,3532.58,1
2830,09:30:01,3532.58,1
2831,09:30:01,3532.58,3
2832,09:30:01,3532.58,1
2833,09:30:01,3532.58,1
2834,09:30:01,3532.58,1
2835,09:30:01,3532.58,25
2836,09:30:01,3532.58,1
2837,09:30:01,3532.58,3
2838,09:30:01,3532.58,1
2839,09:30:01,3532.58,1
2840,09:30:01,3532.58,1
2841,09:30:01,3532.58,4
2842,09:30:01,3532.58,14
2843,09:30:01,3532.58,1
2844,09:30:01,3532.58,1
2845,09:30:01,3532.58,1
2846,09:30:01,3532.58,1
2847,09:30:01,3532.58,1
2848,09:30:01,3532.58,10
2849,09:30:01,3532.58,1
2850,09:30:01,3532.58,10
2851,09:30:01,3532.58,2
2852,09:30:01,3532.58,5
2853,09:30:01,3532.58,4
2854,09:30:01,3532.58,1
2855,09:30:01,3532.58,5
2856,09:30:01,3532.58,5
2857,09:30:01,3532.58,2
2858,09:30:01,3532.58,2
2859,09:30:01,3532.58,10
2860,09:30:01,3532.58,1
2861,09:30:01,3532.58,1
2862,09:30:01,3532.58,1
2863,09:30:01,3532.58,1
2864,09:30:01,3532.58,1
2865,09:30:01,3532.58,15
2866,09:30:01,3532.58,48
2867,09:30:01,3532.58,12
2868,09:30:01,3532.58,2
2869,09:30:01,3532.58,5
2870,09:30:01,3532.58,7
2871,09:30:01,3532.58,1
2872,09:30:01,3532.58,2
2873,09:30:01,3532.58,8
2874,09:30:01,3532.58,2
2875,09:30:01,3532.58,1
2876,09:30:01,3532.58,15
2877,09:30:01,3532.58,5
2878,09:30:01,3532.58,1
2879,09:30:01,3532.58,1
2880,09:30:01,3532.58,1
2881,09:30:01,3532.58,1
2882,09:30:01,3532.58,3
2883,09:30:01,3532.58,1
2884,09:30:01,3532.58,1
2885,09:30:01,3532.58,1
2886,09:30:01,3532.58,1
2887,09:30:01,3532.58,14
2888,09:30:01,3532.58,1
2889,09:30:01,3532.58,2
2890,09:30:01,3532.58,2
2891,09:30:01,3532.58,2
2892,09:30:01,3532.58,1
2893,09:30:01,3532.58,2
2894,09:30:01,3532.58,1
2895,09:30:01,3532.58,3
2896,09:30:01,3532.58,5
2897,09:30:01,3532.58,1
2898,09:30:01,3532.58,1
2899,09:30:01,3532.58,30
2900,09:30:01,3532.58,1
2901,09:30:01,3532.58,1
2902,09:30:01,3532.58,1
2903,09:30:01,3532.58,1
2904,09:30:01,3532.58,4
2905,09:30:01,3532.58,20
2906,09:30:01,3532.58,5
2907,09:30:01,3532.58,1
2908,09:30:01,3532.58,1
2909,09:30:01,3532.58,1
2910,09:30:01,3532.58,5
2911,09:30:01,3532.58,1
2912,09:30:01,3532.58,2
2913,09:30:01,3532.58,1
2914,09:30:01,3532.58,1
2915,09:30:01,3532.58,2
2916,09:30:01,3532.58,1
2917,09:30:01,3532.58,1
2918,09:30:01,3532.58,1
2919,09:30:01,3532.58,2
2920,09:30:01,3532.58,1
2921,09:30:01,3532.58,10
2922,09:30:01,3532.58,5
2923,09:30:01,3532.58,1
2924,09:30:01,3532.58,30
2925,09:30:01,3532.58,2
2926,09:30:01,3532.58,15
2927,09:30:01,3532.58,1
2928,09:30:01,3532.58,2
2929,09:30:01,3532.58,3
2930,09:30:01,3532.58,100
2931,09:30:01,3532.58,2
2932,09:30:01,3532.58,3
2933,09:30:01,3532.58,2
2934,09:30:01,3532.58,4
2935,09:30:01,3532.58,5
2936,09:30:01,3532.58,1
2937,09:30:01,3532.58,1
2938,09:30:01,3532.58,1
2939,09:30:01,3532.58,1
2940,09:30:01,3532.58,1
2941,09:30:01,3532.58,1
2942,09:30:01,3532.58,2
2943,09:30:01,3532.58,1
2944,09:30:01,3532.58,5
2945,09:30:01,3532.58,1
2946,09:30:01,3532.58,1
2947,09:30:01,3532.58,1
2948,09:30:01,3532.58,1
2949,09:30:01,3532.58,1
2950,09:30:01,3532.58,10
2951,09:30:01,3532.58,15
2952,09:30:01,3532.58,1
2953,09:30:01,3532.58,4
2954,09:30:01,3532.58,1
2955,09:30:01,3532.58,5
2956,09:30:01,3532.58,10
2957,09:30:01,3532.58,1
2958,09:30:01,3532.58,10
2959,09:30:01,3532.58,1
2960,09:30:01,3532.58,1
2961,09:30:01,3532.58,1
2962,09:30:01,3532.58,5
2963,09:30:01,3532.58,2
2964,09:30:01,3532.58,1
2965,09:30:01,3532.58,8
2966,09:30:01,3532.58,1
2967,09:30:01,3532.58,25
2968,09:30:01,3532.58,10
2969,09:30:01,3532.58,1
2970,09:30:01,3532.58,1
2971,09:30:01,3532.58,1
2972,09:30:01,3532.58,3
2973,09:30:01,3532.58,1
2974,09:30:01,3532.58,1
2975,09:30:01,3532.58,3
2976,09:30:01,3532.58,20
2977,09:30:01,3532.58,10
2978,09:30:01,3532.58,4
2979,09:30:01,3532.58,110
2980,09:30:01,3532.58,110
2981,09:30:01,3532.58,1
2982,09:30:01,3532.58,110
2983,09:30:01,3532.58,1
2984,09:30:01,3532.58,1
2985,09:30:01,3532.58,111
2986,09:30:01,3532.58,2
2987,09:30:01,3532.58,110
2988,09:30:01,3532.58,1
2989,09:30:01,3532.58,1
2990,09:30:01,3532.58,1
2991,09:30:01,3532.58,1
2992,09:30:01,3532.58,110
2993,09:30:01,3532.58,1
2994,09:30:01,3532.58,1
2995,09:30:01,3532.58,3
2996,09:30:01,3532.58,1
2997,09:30:01,3532.58,5
2998,09:30:01,3532.58,2
2999,09:30:01,3532.58,150
3000,09:30:01,3532.58,1
3001,09:30:01,3532.58,1
3002,09:30:01,3532.58,2
3003,09:30:01,3532.58,1
3004,09:30:01,3532.58,15
3005,09:30:01,3532.58,14
3006,09:30:01,3532.58,1
3007,09:30:01,3532.58,1
3008,09:30:01,3532.58,5
3009,09:30:01,3532.58,1
3010,09:30:01,3532.58,3
3011,09:30:01,3532.58,2
3012,09:30:01,3532.58,1
3013,09:30:01,3532.58,1
3014,09:30:01,3532.58,1
3015,09:30:01,3532.58,1
3016,09:30:01,3532.58,1
3017,09:30:01,3532.58,1
3018,09:30:01,3532.58,1
3019,09:30:01,3532.58,1
3020,09:30:01,3532.58,1
3021,09:30:01,3532.58,1
3022,09:30:01,3532.58,2
3023,09:30:01,3532.58,3
3024,09:30:01,3532.58,1
3025,09:30:01,3532.58,1
3026,09:30:01,3532.58,2
3027,09:30:01,3532.58,2
3028,09:30:01,3532.58,20
3029,09:30:01,3532.58,2
3030,09:30:01,3532.58,1
3031,09:30:01,3532.58,3
3032,09:30:01,3532.58,100
3033,09:30:01,3532.58,8
3034,09:30:01,3532.58,1
3035,09:30:01,3532.58,4
3036,09:30:01,3532.58,3
3037,09:30:01,3532.58,2
3038,09:30:01,3532.58,30
3039,09:30:01,3532.58,20
3040,09:30:01,3532.58,1
3041,09:30:01,3532.58,6
3042,09:30:01,3532.58,1
3043,09:30:01,3532.58,6
3044,09:30:01,3532.58,2
3045,09:30:01,3532.58,5
3046,09:30:01,3532.58,2
3047,09:30:01,3532.58,1
3048,09:30:01,3532.58,1
3049,09:30:01,3532.58,1
3050,09:30:01,3532.58,6
3051,09:30:01,3532.58,2
3052,09:30:01,3532.58,2
3053,09:30:01,3532.58,3
3054,09:30:01,3532.58,1
3055,09:30:01,3532.58,1
3056,09:30:01,3532.58,2
3057,09:30:01,3532.58,110
3058,09:30:01,3532.58,1
3059,09:30:01,3532.58,4
3060,09:30:01,3532.58,111
3061,09:30:01,3532.58,1
3062,09:30:01,3532.58,1
3063,09:30:01,3532.58,1
3064,09:30:01,3532.58,110
3065,09:30:01,3532.58,1
3066,09:30:01,3532.58,1
3067,09:30:01,3532.58,1
3068,09:30:01,3532.58,1
3069,09:30:01,3532.58,4
3070,09:30:01,3532.58,2
3071,09:30:01,3532.58,5
3072,09:30:01,3532.58,6
3073,09:30:01,3532.58,5
3074,09:30:01,3532.58,55
3075,09:30:01,3532.58,55
3076,09:30:01,3532.58,55
3077,09:30:01,3532.58,55
3078,09:30:01,3532.58,55
3079,09:30:01,3532.58,56
3080,09:30:01,3532.58,1
3081,09:30:01,3532.58,2
3082,09:30:01,3532.58,1
3083,09:30:01,3532.58,2
3084,09:30:01,3532.58,1
3085,09:30:01,3532.58,1
3086,09:30:01,3532.58,5
3087,09:30:01,3532.58,55
3088,09:30:01,3532.58,55
3089,09:30:01,3532.58,55
3090,09:30:01,3532.58,1
3091,09:30:01,3532.58,55
3092,09:30:01,3532.58,5
3093,09:30:01,3532.58,10
3094,09:30:01,3532.58,10
3095,09:30:01,3532.58,15
3096,09:30:01,3532.58,1
3097,09:30:01,3532.58,2
3098,09:30:01,3532.58,3
3099,09:30:01,3532.58,2
3100,09:30:01,3532.58,18
3101,09:30:01,3532.58,1
3102,09:30:01,3532.58,1
3103,09:30:01,3532.58,18
3104,09:30:01,3532.58,21
3105,09:30:01,3532.58,4
3106,09:30:01,3532.58,18
3107,09:30:01,3532.58,3
3108,09:30:01,3532.58,1
3109,09:30:01,3532.58,1
3110,09:30:01,3532.58,1
3111,09:30:01,3532.58,1
3112,09:30:01,3532.58,1
3113,09:30:01,3532.58,1
3114,09:30:01,3532.58,2
3115,09:30:01,3532.58,8
3116,09:30:01,3532.58,1
3117,09:30:01,3532.58,1
3118,09:30:01,3532.58,1
3119,09:30:01,3532.58,1
3120,09:30:01,3532.58,2
3121,09:30:01,3532.58,10
3122,09:30:01,3532.58,1
3123,09:30:01,3532.58,1
3124,09:30:01,3532.58,2
3125,09:30:01,3532.58,1
3126,09:30:01,3532.58,1
3127,09:30:01,3532.58,10
3128,09:30:01,3532.58,2
3129,09:30:01,3532.58,10
3130,09:30:01,3532.58,1
3131,09:30:01,3532.58,5
3132,09:30:01,3532.58,3
3133,09:30:01,3532.58,3
3134,09:30:01,3532.58,1
3135,09:30:01,3532.58,1
3136,09:30:01,3532.58,1
3137,09:30:01,3532.58,5
3138,09:30:01,3532.58,10
3139,09:30:01,3532.58,4
3140,09:30:01,3532.58,1
3141,09:30:01,3532.58,1
3142,09:30:01,3532.58,10
3143,09:30:01,3532.58,12
3144,09:30:01,3532.58,1
3145,09:30:01,3532.58,52
3146,09:30:01,3532.58,1
3147,09:30:01,3532.58,1
3148,09:30:01,3532.58,1
3149,09:30:01,3532.58,1
3150,09:30:01,3532.58,1
3151,09:30:01,3532.58,1
3152,09:30:01,3532.58,2
3153,09:30:01,3532.58,4
3154,09:30:01,3532.58,3
3155,09:30:01,3532.58,1
3156,09:30:01,3532.58,100
3157,09:30:01,3532.58,1
3158,09:30:01,3532.58,6
3159,09:30:01,3532.58,2
3160,09:30:01,3532.58,20
3161,09:30:01,3532.58,1
3162,09:30:01,3532.58,113
3163,09:30:01,3532.58,10
3164,09:30:01,3532.58,1
3165,09:30:01,3532.58,1
3166,09:30:01,3532.58,4
3167,09:30:01,3532.58,112
3168,09:30:01,3532.58,1
3169,09:30:01,3532.58,1
3170,09:30:01,3532.58,1
3171,09:30:01,3532.58,5
3172,09:30:01,3532.58,1
3173,09:30:01,3532.58,1
3174,09:30:01,3532.58,111
3175,09:30:01,3532.58,10
3176,09:30:01,3532.58,110
3177,09:30:01,3532.58,1
3178,09:30:01,3532.58,3
3179,09:30:01,3532.58,110
3180,09:30:01,3532.58,5
3181,09:30:01,3532.58,5
3182,09:30:01,3532.58,8
3183,09:30:01,3532.58,1
3184,09:30:01,3532.58,2
3185,09:30:01,3532.58,110
3186,09:30:01,3532.58,1
3187,09:30:01,3532.58,111
3188,09:30:01,3532.58,4
3189,09:30:01,3532.58,3000
3190,09:30:01,3532.58,110
3191,09:30:01,3532.58,1
3192,09:30:01,3532.58,1
3193,09:30:01,3532.58,11
3194,09:30:01,3532.58,1
3195,09:30:01,3532.58,1
3196,09:30:01,3532.58,110
3197,09:30:01,3532.58,110
3198,09:30:01,3532.58,111
3199,09:30:01,3532.58,1
3200,09:30:01,3532.58,1
3201,09:30:01,3532.58,1
3202,09:30:01,3532.58,2
3203,09:30:01,3532.58,1
3204,09:30:01,3532.58,1
3205,09:30:01,3532.58,2
3206,09:30:01,3532.58,2
3207,09:30:01,3532.58,1
3208,09:30:01,3532.58,28
3209,09:30:01,3532.58,5
3210,09:30:01,3532.58,5
3211,09:30:01,3532.58,1
3212,09:30:01,3532.58,50
3213,09:30:01,3532.58,8
3214,09:30:01,3532.58,1
3215,09:30:01,3532.58,2
3216,09:30:01,3532.58,1
3217,09:30:01,3532.58,1
3218,09:30:01,3532.58,1
3219,09:30:01,3532.58,6
3220,09:30:01,3532.58,10
3221,09:30:01,3532.58,1
3222,09:30:01,3532.58,1
3223,09:30:01,3532.58,1
3224,09:30:01,3532.58,1
3225,09:30:01,3532.58,18
3226,09:30:01,3532.58,1
3227,09:30:01,3532.58,10
3228,09:30:01,3532.58,100
3229,09:30:01,3532.58,5
3230,09:30:01,3532.58,1
3231,09:30:01,3532.58,1
3232,09:30:01,3532.58,5
3233,09:30:01,3532.58,1
3234,09:30:01,3532.58,1
3235,09:30:01,3532.58,1
3236,09:30:01,3532.58,1
3237,09:30:01,3532.58,4
3238,09:30:01,3532.58,21
3239,09:30:01,3532.58,2
3240,09:30:01,3532.58,1
3241,09:30:01,3532.58,2
3242,09:30:01,3532.58,110
3243,09:30:01,3532.58,110
3244,09:30:01,3532.58,1
3245,09:30:01,3532.58,1
3246,09:30:01,3532.58,111
3247,09:30:01,3532.58,50
3248,09:30:01,3532.58,2
3249,09:30:01,3532.58,8
3250,09:30:01,3532.58,3
3251,09:30:01,3532.58,1
3252,09:30:01,3532.58,1
3253,09:30:01,3532.58,110
3254,09:30:01,3532.58,1
3255,09:30:01,3532.58,110
3256,09:30:01,3532.58,1
3257,09:30:01,3532.58,110
3258,09:30:01,3532.58,1
3259,09:30:01,3532.58,1
3260,09:30:01,3532.58,1
3261,09:30:01,3532.58,3
3262,09:30:01,3532.58,111
3263,09:30:01,3532.58,2
3264,09:30:01,3532.58,6
3265,09:30:01,3532.58,110
3266,09:30:01,3532.58,50
3267,09:30:01,3532.58,50
3268,09:30:01,3532.58,50
3269,09:30:01,3532.58,50
3270,09:30:01,3532.58,50
3271,09:30:01,3532.58,50
3272,09:30:01,3532.58,50
3273,09:30:01,3532.58,50
3274,09:30:01,3532.58,50
3275,09:30:01,3532.58,50
3276,09:30:01,3532.58,50
3277,09:30:01,3532.58,50
3278,09:30:01,3532.58,50
3279,09:30:01,3532.58,50
3280,09:30:01,3532.58,50
3281,09:30:01,3532.58,50
3282,09:30:01,3532.58,50
3283,09:30:01,3532.58,50
3284,09:30:01,3532.58,50
3285,09:30:01,3532.58,50
3286,09:30:01,3532.58,4
3287,09:30:01,3532.58,5
3288,09:30:01,3532.58,1
3289,09:30:01,3532.58,3
3290,09:30:01,3532.58,4
3291,09:30:01,3532.58,110
3292,09:30:01,3532.58,1
3293,09:30:01,3532.58,1
3294,09:30:01,3532.58,2
3295,09:30:01,3532.58,1
3296,09:30:01,3532.58,1
3297,09:30:01,3532.58,1
3298,09:30:01,3532.58,110
3299,09:30:01,3532.58,10
3300,09:30:01,3532.58,1
3301,09:30:01,3532.58,1
3302,09:30:01,3532.58,111
3303,09:30:01,3532.58,2
3304,09:30:01,3532.58,1
3305,09:30:01,3532.58,1
3306,09:30:01,3532.58,1
3307,09:30:01,3532.58,1
3308,09:30:01,3532.58,1
3309,09:30:01,3532.58,10
3310,09:30:01,3532.58,5
3311,09:30:01,3532.58,1
3312,09:30:01,3532.58,1
3313,09:30:01,3532.58,1
3314,09:30:01,3532.58,1
3315,09:30:01,3532.58,110
3316,09:30:01,3532.58,1
3317,09:30:01,3532.58,110
3318,09:30:01,3532.58,2
3319,09:30:01,3532.58,1
3320,09:30:01,3532.58,2
3321,09:30:01,3532.58,1
3322,09:30:01,3532.58,1
3323,09:30:01,3532.58,3
3324,09:30:01,3532.58,1
3325,09:30:01,3532.58,1
3326,09:30:01,3532.58,1
3327,09:30:01,3532.58,3
3328,09:30:01,3532.58,3
3329,09:30:01,3532.58,4
3330,09:30:01,3532.58,1
3331,09:30:01,3532.58,1
3332,09:30:01,3532.58,1
3333,09:30:01,3532.58,1
3334,09:30:01,3532.58,1
3335,09:30:01,3532.58,1
3336,09:30:01,3532.58,2
3337,09:30:01,3532.58,4
3338,09:30:01,3532.58,1
3339,09:30:01,3532.58,5
3340,09:30:01,3532.58,1
3341,09:30:01,3532.58,1
3342,09:30:01,3532.58,3
3343,09:30:01,3532.58,1
3344,09:30:01,3532.58,110
3345,09:30:01,3532.58,3
3346,09:30:01,3532.58,2
3347,09:30:01,3532.58,5
3348,09:30:01,3532.58,1
3349,09:30:01,3532.58,30
3350,09:30:01,3532.58,1
3351,09:30:01,3532.58,1
3352,09:30:01,3532.58,1
3353,09:30:01,3532.58,2
3354,09:30:01,3532.58,1
3355,09:30:01,3532.58,1
3356,09:30:01,3532.58,3
3357,09:30:01,3532.58,1
3358,09:30:01,3532.58,10
3359,09:30:01,3532.58,4
3360,09:30:01,3532.58,1
3361,09:30:01,3532.58,1
3362,09:30:01,3532.58,2
3363,09:30:01,3532.58,10
3364,09:30:01,3532.58,2
3365,09:30:01,3532.58,5
3366,09:30:01,3532.58,1
3367,09:30:01,3532.58,1
3368,09:30:01,3532.58,1
3369,09:30:01,3532.58,1
3370,09:30:01,3532.58,10
3371,09:30:01,3532.58,1
3372,09:30:01,3532.58,1
3373,09:30:01,3532.58,4
3374,09:30:01,3532.58,1
3375,09:30:01,3532.58,1
3376,09:30:01,3532.58,1
3377,09:30:01,3532.58,3
3378,09:30:01,3532.58,2
3379,09:30:01,3532.58,1
3380,09:30:01,3532.58,2
3381,09:30:01,3532.58,1
3382,09:30:01,3532.58,1
3383,09:30:01,3532.58,1
3384,09:30:01,3532.58,1
3385,09:30:01,3532.58,2
3386,09:30:01,3532.58,2
3387,09:30:01,3532.58,2
3388,09:30:01,3532.58,1
3389,09:30:01,3532.58,15
3390,09:30:01,3532.58,30
3391,09:30:01,3532.58,50
3392,09:30:01,3532.58,25
3393,09:30:01,3532.58,4
3394,09:30:01,3532.58,10
3395,09:30:01,3532.58,10
3396,09:30:01,3532.58,3
3397,09:30:01,3532.58,10
3398,09:30:01,3532.58,2
3399,09:30:01,3532.58,1
3400,09:30:01,3532.58,2
3401,09:30:01,3532.58,14
3402,09:30:01,3532.58,1
3403,09:30:01,3532.58,2
3404,09:30:01,3532.58,1
3405,09:30:01,3532.58,1
3406,09:30:01,3532.58,3
3407,09:30:01,3532.58,1
3408,09:30:01,3532.58,85
3409,09:30:01,3532.58,1
3410,09:30:01,3532.58,1
3411,09:30:01,3532.58,12
3412,09:30:01,3532.58,1
3413,09:30:01,3532.58,1
3414,09:30:01,3532.58,5
3415,09:30:01,3532.58,4
3416,09:30:01,3532.58,17
3417,09:30:01,3532.58,5
3418,09:30:01,3532.58,1
3419,09:30:01,3532.58,1
3420,09:30:01,3532.58,2
3421,09:30:01,3532.58,1
3422,09:30:01,3532.58,10
3423,09:30:01,3532.58,1
3424,09:30:01,3532.58,131
3425,09:30:01,3532.58,10
3426,09:30:01,3532.58,1
3427,09:30:01,3532.58,1
3428,09:30:01,3532.58,1
3429,09:30:01,3532.58,1
3430,09:30:01,3532.58,12
3431,09:30:01,3532.58,10
3432,09:30:01,3532.58,1
3433,09:30:01,3532.58,1
3434,09:30:01,3532.58,5
3435,09:30:01,3532.58,4
3436,09:30:01,3532.58,1
3437,09:30:01,3532.58,1
3438,09:30:01,3532.58,1
3439,09:30:01,3532.58,6
3440,09:30:01,3532.58,45
3441,09:30:01,3532.58,1
3442,09:30:01,3532.58,5
3443,09:30:01,3532.58,1
3444,09:30:01,3532.58,3
3445,09:30:01,3532.58,1
3446,09:30:01,3532.58,3
3447,09:30:01,3532.58,1
3448,09:30:01,3532.58,1
3449,09:30:01,3532.58,1
3450,09:30:01,3532.58,2
3451,09:30:01,3532.58,1
3452,09:30:01,3532.58,10
3453,09:30:01,3532.58,1
3454,09:30:01,3532.58,1
3455,09:30:01,3532.58,1
3456,09:30:01,3532.58,5
3457,09:30:01,3532.58,5
3458,09:30:01,3532.58,2
3459,09:30:01,3532.58,1
3460,09:30:01,3532.58,3
3461,09:30:01,3532.58,1
3462,09:30:01,3532.58,1
3463,09:30:01,3532.58,1
3464,09:30:01,3532.58,1
3465,09:30:01,3532.58,2
3466,09:30:01,3532.58,4
3467,09:30:01,3532.58,5
3468,09:30:01,3532.58,1
3469,09:30:01,3532.58,10
3470,09:30:01,3532.58,2
3471,09:30:01,3532.58,1
3472,09:30:01,3532.58,10
3473,09:30:01,3532.58,5
3474,09:30:01,3532.58,5
3475,09:30:01,3532.58,1
3476,09:30:01,3532.58,1
3477,09:30:01,3532.58,10
3478,09:30:01,3532.58,1
3479,09:30:01,3532.58,10
3480,09:30:01,3532.58,5
3481,09:30:01,3532.58,10
3482,09:30:01,3532.58,3
3483,09:30:01,3532.58,1
3484,09:30:01,3532.58,1
3485,09:30:01,3532.58,5
3486,09:30:01,3532.58,5
3487,09:30:01,3532.58,2
3488,09:30:01,3532.58,2
3489,09:30:01,3532.58,10
3490,09:30:01,3532.58,10
3491,09:30:01,3532.58,5
3492,09:30:01,3532.58,10
3493,09:30:01,3532.58,6
3494,09:30:01,3532.58,1
3495,09:30:01,3532.58,8
3496,09:30:01,3532.58,2
3497,09:30:01,3532.58,5
3498,09:30:01,3532.58,5
3499,09:30:01,3532.58,1
3500,09:30:01,3532.58,1
3501,09:30:01,3532.58,1
3502,09:30:01,3532.58,2
3503,09:30:01,3532.58,2
3504,09:30:01,3532.58,4
3505,09:30:01,3532.58,1
3506,09:30:01,3532.58,5
3507,09:30:01,3532.58,1
3508,09:30:01,3532.58,2
3509,09:30:01,3532.58,20
3510,09:30:01,3532.58,1
3511,09:30:01,3532.58,1
3512,09:30:01,3532.58,2
3513,09:30:01,3532.58,1
3514,09:30:01,3532.58,25
3515,09:30:01,3532.58,1
3516,09:30:01,3532.58,2
3517,09:30:01,3532.58,5
3518,09:30:01,3532.58,1
3519,09:30:01,3532.58,2
3520,09:30:01,3532.58,3
3521,09:30:01,3532.58,2
3522,09:30:01,3532.58,1
3523,09:30:01,3532.58,2
3524,09:30:01,3532.58,5
3525,09:30:01,3532.58,1
3526,09:30:01,3532.58,3
3527,09:30:01,3532.58,5
3528,09:30:01,3532.58,12
3529,09:30:01,3532.58,10
3530,09:30:01,3532.58,1
3531,09:30:01,3532.58,1
3532,09:30:01,3532.58,21
3533,09:30:01,3532.58,22
3534,09:30:01,3532.58,5
3535,09:30:01,3532.58,2
3536,09:30:01,3532.58,5
3537,09:30:01,3532.58,5
3538,09:30:01,3532.58,1
3539,09:30:01,3532.58,1
3540,09:30:01,3532.58,1
3541,09:30:01,3532.58,1
3542,09:30:01,3532.58,1
3543,09:30:01,3532.58,2
3544,09:30:01,3532.58,1
3545,09:30:01,3532.58,2
3546,09:30:01,3532.58,27
3547,09:30:01,3532.58,20
3548,09:30:01,3532.58,10
3549,09:30:01,3532.58,10
3550,09:30:01,3532.58,10
3551,09:30:01,3532.58,9
3552,09:30:01,3532.58,2
3553,09:30:01,3532.58,1
3554,09:30:01,3532.58,2
3555,09:30:01,3532.58,1
3556,09:30:01,3532.58,1
3557,09:30:01,3532.58,5
3558,09:30:01,3532.58,2
3559,09:30:01,3532.58,1
3560,09:30:01,3532.58,1
3561,09:30:01,3532.58,2
3562,09:30:01,3532.58,1
3563,09:30:01,3532.58,1
3564,09:30:01,3532.58,3
3565,09:30:01,3532.58,2
3566,09:30:01,3532.58,5
3567,09:30:01,3532.58,10
3568,09:30:01,3532.58,2
3569,09:30:01,3532.58,1
3570,09:30:01,3532.58,80
3571,09:30:01,3532.58,1
3572,09:30:01,3532.58,3
3573,09:30:01,3532.58,1
3574,09:30:01,3532.58,1
3575,09:30:01,3532.58,1
3576,09:30:01,3532.58,5
3577,09:30:01,3532.58,1
3578,09:30:01,3532.58,1
3579,09:30:01,3532.58,2
3580,09:30:01,3532.58,3
3581,09:30:01,3532.58,75
3582,09:30:01,3532.58,2
3583,09:30:01,3532.58,3
3584,09:30:01,3532.58,1
3585,09:30:01,3532.58,2
3586,09:30:01,3532.58,1
3587,09:30:01,3532.58,2
3588,09:30:01,3532.58,5
3589,09:30:01,3532.58,1
3590,09:30:01,3532.58,10
3591,09:30:01,3532.58,1
3592,09:30:01,3532.58,6
3593,09:30:01,3532.58,10
3594,09:30:01,3532.58,2
3595,09:30:01,3532.58,27
3596,09:30:01,3532.58,33
3597,09:30:01,3532.58,1
3598,09:30:01,3532.58,1
3599,09:30:01,3532.58,12
3600,09:30:01,3532.58,1
3601,09:30:01,3532.58,5
3602,09:30:01,3532.58,2
3603,09:30:01,3532.58,1
3604,09:30:01,3532.58,2
3605,09:30:01,3532.58,1
3606,09:30:01,3532.58,1
3607,09:30:01,3532.58,1
3608,09:30:01,3532.58,1
3609,09:30:01,3532.58,10
3610,09:30:01,3532.58,5
3611,09:30:01,3532.58,6
3612,09:30:01,3532.58,10
3613,09:30:01,3532.58,5
3614,09:30:01,3532.58,1
3615,09:30:01,3532.58,3
3616,09:30:01,3532.58,2
3617,09:30:01,3532.58,4000
3618,09:30:01,3532.58,64
3619,09:30:01,3532.58,3
3620,09:30:01,3532.58,1
3621,09:30:01,3532.58,1
3622,09:30:01,3532.58,3
3623,09:30:01,3532.58,1
3624,09:30:01,3532.58,1
3625,09:30:01,3532.58,1
3626,09:30:01,3532.58,10
3627,09:30:01,3532.58,10
3628,09:30:01,3532.58,1
3629,09:30:01,3532.58,1
3630,09:30:01,3532.58,20
3631,09:30:01,3532.58,1
3632,09:30:01,3532.58,2
3633,09:30:01,3532.58,1
3634,09:30:01,3532.58,3
3635,09:30:01,3532.58,1
3636,09:30:01,3532.58,1
3637,09:30:01,3532.58,1
3638,09:30:01,3532.58,5
3639,09:30:01,3532.58,4
3640,09:30:01,3532.58,3
3641,09:30:01,3532.58,1
3642,09:30:01,3532.58,2
3643,09:30:01,3532.58,1
3644,09:30:01,3532.58,50
3645,09:30:01,3532.58,2
3646,09:30:01,3532.58,100
3647,09:30:01,3532.58,5
3648,09:30:01,3532.58,1
3649,09:30:01,3532.58,2
3650,09:30:01,3532.58,111
3651,09:30:01,3532.58,5
3652,09:30:01,3532.58,1
3653,09:30:01,3532.58,110
3654,09:30:01,3532.58,21
3655,09:30:01,3532.58,110
3656,09:30:01,3532.58,10
3657,09:30:01,3532.58,5
3658,09:30:01,3532.58,1
3659,09:30:01,3532.58,2
3660,09:30:01,3532.58,10
3661,09:30:01,3532.58,15
3662,09:30:01,3532.58,110
3663,09:30:01,3532.58,111
3664,09:30:01,3532.58,1
3665,09:30:01,3532.58,2
3666,09:30:01,3532.58,1
3667,09:30:01,3532.58,1
3668,09:30:01,3532.58,1
3669,09:30:01,3532.58,110
3670,09:30:01,3532.58,1
3671,09:30:01,3532.58,110
3672,09:30:01,3532.58,1
3673,09:30:01,3532.58,111
3674,09:30:01,3532.58,5
3675,09:30:01,3532.58,110
3676,09:30:01,3532.58,18
3677,09:30:01,3532.58,18
3678,09:30:01,3532.58,18
3679,09:30:01,3532.58,110
3680,09:30:01,3532.58,2
3681,09:30:01,3532.58,110
3682,09:30:01,3532.58,111
3683,09:30:01,3532.58,85
3684,09:30:01,3532.58,110
3685,09:30:01,3532.58,1
3686,09:30:01,3532.58,5
3687,09:30:01,3532.58,110
3688,09:30:01,3532.58,110
3689,09:30:01,3532.58,1
3690,09:30:01,3532.58,1
3691,09:30:01,3532.58,2
3692,09:30:01,3532.58,2
3693,09:30:01,3532.58,2
3694,09:30:01,3532.58,1
3695,09:30:01,3532.58,1
3696,09:30:01,3532.58,5
3697,09:30:01,3532.58,2
3698,09:30:01,3532.58,20
3699,09:30:01,3532.58,1
3700,09:30:01,3532.58,1
3701,09:30:01,3532.58,1
3702,09:30:01,3532.58,1
3703,09:30:01,3532.58,1
3704,09:30:01,3532.58,5
3705,09:30:01,3532.58,1
3706,09:30:01,3532.58,2
3707,09:30:01,3532.58,2
3708,09:30:01,3532.58,10
3709,09:30:01,3532.58,3
3710,09:30:01,3532.58,1
3711,09:30:01,3532.58,110
3712,09:30:01,3532.58,110
3713,09:30:01,3532.58,1
3714,09:30:01,3532.58,1
3715,09:30:01,3532.58,111
3716,09:30:01,3532.58,4
3717,09:30:01,3532.58,2
3718,09:30:01,3532.58,110
3719,09:30:01,3532.58,8
3720,09:30:01,3532.58,1
3721,09:30:01,3532.58,110
3722,09:30:01,3532.58,2
3723,09:30:01,3532.58,10
3724,09:30:01,3532.58,5
3725,09:30:01,3532.58,25
3726,09:30:01,3532.58,1
3727,09:30:01,3532.58,8
3728,09:30:01,3532.58,1
3729,09:30:01,3532.58,1
3730,09:30:01,3532.58,2
3731,09:30:01,3532.58,10
3732,09:30:01,3532.58,2
3733,09:30:01,3532.58,100
3734,09:30:01,3532.58,4
3735,09:30:01,3532.58,111
3736,09:30:01,3532.58,110
3737,09:30:01,3532.58,110
3738,09:30:01,3532.58,2
3739,09:30:01,3532.58,4
3740,09:30:01,3532.58,1
3741,09:30:01,3532.58,60
3742,09:30:01,3532.58,2
3743,09:30:01,3532.58,110
3744,09:30:01,3532.58,100
3745,09:30:01,3532.58,1
3746,09:30:01,3532.58,111
3747,09:30:01,3532.58,110
3748,09:30:01,3532.58,5
3749,09:30:01,3532.58,1
3750,09:30:01,3532.58,10
3751,09:30:01,3532.58,1
3752,09:30:01,3532.58,5
3753,09:30:01,3532.58,110
3754,09:30:01,3532.58,1
3755,09:30:01,3532.58,1
3756,09:30:01,3532.58,110
3757,09:30:01,3532.58,111
3758,09:30:01,3532.58,1
3759,09:30:01,3532.58,1
3760,09:30:01,3532.58,1
3761,09:30:01,3532.58,1
3762,09:30:01,3532.58,110
3763,09:30:01,3532.58,1
3764,09:30:01,3532.58,1
3765,09:30:01,3532.58,1
3766,09:30:01,3532.58,1
3767,09:30:01,3532.58,1
3768,09:30:01,3532.58,10
3769,09:30:01,3532.58,12
3770,09:30:01,3532.58,1
3771,09:30:01,3532.58,1
3772,09:30:01,3532.58,1
3773,09:30:01,3532.58,1
3774,09:30:01,3532.58,1
3775,09:30:01,3532.58,1
3776,09:30:01,3532.58,5
3777,09:30:01,3532.58,10
3778,09:30:01,3532.58,2
3779,09:30:01,3532.58,2
3780,09:30:01,3532.58,2
3781,09:30:01,3532.58,1
3782,09:30:01,3532.58,1
3783,09:30:01,3532.58,1
3784,09:30:01,3532.58,3
3785,09:30:01,3532.58,2
3786,09:30:01,3532.58,1
3787,09:30:01,3532.58,4
3788,09:30:01,3532.58,1
3789,09:30:01,3532.58,1
3790,09:30:01,3532.58,1
3791,09:30:01,3532.58,1
3792,09:30:01,3532.58,1
3793,09:30:01,3532.58,110
3794,09:30:01,3532.58,4
3795,09:30:01,3532.58,25
3796,09:30:01,3532.58,1
3797,09:30:01,3532.58,1
3798,09:30:01,3532.58,1
3799,09:30:01,3532.58,1
3800,09:30:01,3532.58,1
3801,09:30:01,3532.58,150
3802,09:30:01,3532.58,1
3803,09:30:01,3532.58,1
3804,09:30:01,3532.58,1
3805,09:30:01,3532.58,5
3806,09:30:01,3532.58,7
3807,09:30:01,3532.58,6
3808,09:30:01,3532.58,1
3809,09:30:01,3532.58,1
3810,09:30:01,3532.58,1
3811,09:30:01,3532.58,1
3812,09:30:01,3532.58,1
3813,09:30:01,3532.58,5
3814,09:30:01,3532.58,1
3815,09:30:01,3532.58,1
3816,09:30:01,3532.58,3
3817,09:30:01,3532.58,1
3818,09:30:01,3532.58,2
3819,09:30:01,3532.58,2
3820,09:30:01,3532.58,2
3821,09:30:01,3532.58,2
3822,09:30:01,3532.58,80
3823,09:30:01,3532.58,1
3824,09:30:01,3532.58,1
3825,09:30:01,3532.58,1
3826,09:30:01,3532.58,40
3827,09:30:01,3532.58,1
3828,09:30:01,3532.58,4
3829,09:30:01,3532.58,1
3830,09:30:01,3532.58,1
3831,09:30:01,3532.58,3
3832,09:30:01,3532.58,2
3833,09:30:01,3532.58,1
3834,09:30:01,3532.58,1
3835,09:30:01,3532.58,5
3836,09:30:01,3532.58,110
3837,09:30:01,3532.58,1
3838,09:30:01,3532.58,110
3839,09:30:01,3532.58,111
3840,09:30:01,3532.58,1
3841,09:30:01,3532.58,1
3842,09:30:01,3532.58,100
3843,09:30:01,3532.58,1
3844,09:30:01,3532.58,5
3845,09:30:01,3532.58,1
3846,09:30:01,3532.58,1
3847,09:30:01,3532.58,1
3848,09:30:01,3532.58,1
3849,09:30:01,3532.58,2
3850,09:30:01,3532.58,110
3851,09:30:01,3532.58,110
3852,09:30:01,3532.58,1
3853,09:30:01,3532.58,1
3854,09:30:01,3532.58,10
3855,09:30:01,3532.58,1
3856,09:30:01,3532.58,19
3857,09:30:01,3532.58,1
3858,09:30:01,3532.58,1
3859,09:30:01,3532.58,1
3860,09:30:01,3532.58,1
3861,09:30:01,3532.58,100
3862,09:30:01,3532.58,100
3863,09:30:01,3532.58,1
3864,09:30:01,3532.58,3
3865,09:30:01,3532.58,500
3866,09:30:01,3532.58,1
3867,09:30:01,3532.58,183
3868,09:30:01,3532.58,1
3869,09:30:01,3532.58,110
3870,09:30:01,3532.58,1
3871,09:30:01,3532.58,111
3872,09:30:01,3532.58,1000
3873,09:30:01,3532.58,110
3874,09:30:01,3532.58,1
3875,09:30:01,3532.58,2
3876,09:30:01,3532.58,5
3877,09:30:01,3532.58,100
3878,09:30:01,3532.58,1
3879,09:30:01,3532.58,100
3880,09:30:01,3532.58,3
3881,09:30:01,3532.58,2
3882,09:30:01,3532.58,1
3883,09:30:01,3532.58,110
3884,09:30:01,3532.58,3
3885,09:30:01,3532.58,1
3886,09:30:01,3532.58,30
3887,09:30:01,3532.58,10
3888,09:30:01,3532.58,5
3889,09:30:01,3532.58,100
3890,09:30:01,3532.58,1
3891,09:30:01,3532.58,110
3892,09:30:01,3532.58,3
3893,09:30:01,3532.58,1
3894,09:30:01,3532.58,1
3895,09:30:01,3532.58,20
3896,09:30:01,3532.58,1
3897,09:30:01,3532.58,110
3898,09:30:01,3532.58,6
3899,09:30:01,3532.58,2
3900,09:30:01,3532.58,600
3901,09:30:01,3532.58,15
3902,09:30:01,3532.58,1
3903,09:30:01,3532.58,10
3904,09:30:01,3532.58,1
3905,09:30:01,3532.58,3
3906,09:30:01,3532.58,1
3907,09:30:01,3532.58,1
3908,09:30:01,3532.58,111
3909,09:30:01,3532.58,110
3910,09:30:01,3532.58,30
3911,09:30:01,3532.58,110
3912,09:30:01,3532.58,1
3913,09:30:01,3532.58,3
3914,09:30:01,3532.58,10
3915,09:30:01,3532.58,1
3916,09:30:01,3532.58,1
3917,09:30:01,3532.58,1
3918,09:30:01,3532.58,5
3919,09:30:01,3532.58,1
3920,09:30:01,3532.58,1
3921,09:30:01,3532.58,1
3922,09:30:01,3532.58,1
3923,09:30:01,3532.58,1
3924,09:30:01,3532.58,10
3925,09:30:01,3532.58,2
3926,09:30:01,3532.58,3
3927,09:30:01,3532.58,1
3928,09:30:01,3532.58,1
3929,09:30:01,3532.58,1
3930,09:30:01,3532.58,1
3931,09:30:01,3532.58,1
3932,09:30:01,3532.58,4
3933,09:30:01,3532.58,1
3934,09:30:01,3532.58,2
3935,09:30:01,3532.58,2
3936,09:30:01,3532.58,1
3937,09:30:01,3532.58,2
3938,09:30:01,3532.58,1
3939,09:30:01,3532.58,2
3940,09:30:01,3532.58,1
3941,09:30:01,3532.58,1
3942,09:30:01,3532.58,30
3943,09:30:01,3532.58,4
3944,09:30:01,3532.58,2
3945,09:30:01,3532.58,3
3946,09:30:01,3532.58,10
3947,09:30:01,3532.58,1
3948,09:30:01,3532.58,3
3949,09:30:01,3532.58,1
3950,09:30:01,3532.58,1
3951,09:30:01,3532.58,1
3952,09:30:01,3532.58,1
3953,09:30:01,3532.58,1
3954,09:30:01,3532.58,1
3955,09:30:01,3532.58,1
3956,09:30:01,3532.58,1
3957,09:30:01,3532.58,4
3958,09:30:01,3532.58,5
3959,09:30:01,3532.58,1
3960,09:30:01,3532.58,1
3961,09:30:01,3532.58,1
3962,09:30:01,3532.58,1
3963,09:30:01,3532.58,1
3964,09:30:01,3532.58,1
3965,09:30:01,3532.58,1
3966,09:30:01,3532.58,2
3967,09:30:01,3532.58,2
3968,09:30:01,3532.58,50
3969,09:30:01,3532.58,2
3970,09:30:01,3532.58,1
3971,09:30:01,3532.58,1
3972,09:30:01,3532.58,1
3973,09:30:01,3532.58,1
3974,09:30:01,3532.58,1
3975,09:30:01,3532.58,1
3976,09:30:01,3532.58,1
3977,09:30:01,3532.58,1
3978,09:30:01,3532.58,12
3979,09:30:01,3532.58,2
3980,09:30:01,3532.58,1
3981,09:30:01,3532.58,1
3982,09:30:01,3532.58,110
3983,09:30:01,3532.58,2
3984,09:30:01,3532.58,3
3985,09:30:01,3532.58,110
3986,09:30:01,3532.58,1
3987,09:30:01,3532.58,178
3988,09:30:01,3532.58,619
3989,09:30:01,3532.58,110
3990,09:30:01,3532.58,168
3991,09:30:01,3532.58,8
3992,09:30:01,3532.58,3
3993,09:30:01,3532.58,7
3994,09:30:01,3532.58,7
3995,09:30:01,3532.58,111
3996,09:30:01,3532.58,10
3997,09:30:01,3532.58,1
3998,09:30:01,3532.58,2
3999,09:30:01,3532.58,1
4000,09:30:01,3532.58,4
4001,09:30:01,3532.58,1
4002,09:30:01,3532.58,300
4003,09:30:01,3532.58,145
4004,09:30:01,3532.58,1
4005,09:30:01,3532.58,110
4006,09:30:01,3532.58,222
4007,09:30:01,3532.58,773
4008,09:30:01,3532.58,1
4009,09:30:01,3532.58,50
4010,09:30:01,3532.58,1
4011,09:30:01,3532.58,8
4012,09:30:01,3532.58,1
4013,09:30:01,3532.58,4
4014,09:30:01,3532.58,4
4015,09:30:01,3532.58,110
4016,09:30:01,3532.58,1
4017,09:30:01,3532.58,1
4018,09:30:01,3532.58,5
4019,09:30:01,3532.58,1
4020,09:30:01,3532.58,5
4021,09:30:01,3532.58,111
4022,09:30:01,3532.58,30
4023,09:30:01,3532.58,40
4024,09:30:01,3532.58,110
4025,09:30:01,3530.05,100
4026,09:30:01,3530.0,110
4027,09:30:01,3530.0,110
4028,09:30:01,3530.0,100
4029,09:30:01,3530.0,106
4030,09:30:01,3530.0,200
4031,09:30:01,3530.0,434
4032,09:30:01,3530.11,100
4033,09:30:00,3530.16,100
4034,09:30:00,3530.2,100
4035,09:30:00,3530.41,100
4036,09:30:00,3531.0,200
4037,09:30:00,3532.0601,244
4038,09:30:00,3531.73,100
4039,10:29:58,3530.9999,120
4040,10:29:56,3530.29,282
4041,10:29:51,3530.94,100
4042,10:29:51,3530.43,100
4043,10:29:51,3531.14,200
4044,10:29:51,3529.98,103
4045,10:29:48,3529.98,200
4046,10:29:48,3529.98,300
4047,10:29:47,3530.0,100
4048,10:29:47,3530.0,100
4049,10:29:47,3528.64,100
4050,10:29:47,3528.945,100
4051,10:29:47,3528.74,129
4052,10:29:47,3528.74,100
4053,10:29:47,3528.74,100
4054,10:29:44,3528.69,200
4055,10:29:44,3528.69,100
4056,10:29:42,3528.5896,500
4057,10:29:42,3527.515,100
4058,10:29:42,3528.71,100
4059,10:29:42,3528.07,200
4060,10:29:42,3528.74,100
4061,10:29:40,3527.97,100
4062,10:29:40,3527.97,100
4063,10:29:40,3527.47,100
4064,10:29:40,3527.47,200
4065,10:29:40,3527.0,100
4066,10:29:39,3526.97,100
4067,10:29:39,3526.97,100
4068,10:29:39,3526.24,100
4069,10:29:39,3526.97,100
4070,10:29:39,3526.97,100
4071,10:29:39,3526.94,100
4072,10:29:39,3526.99,100
4073,10:29:39,3526.38,100
4074,10:29:39,3526.16,200
4075,10:29:30,3523.92,100
4076,10:29:28,3522.615,100
4077,10:29:27,3523.76,123
4078,10:29:23,3523.76,100
4079,10:29:21,3525.44,690
4080,10:29:20,3523.8601,100
