,NLS Time (ET),NLS Price,NLS Share Volume
0,09:59:52,3469.5601,100
1,09:59:51,3469.8653,300
2,09:59:44,3470.81,100
3,09:59:36,3471.25,100
4,09:59:35,3470.72,100
5,09:59:33,3471.21,100
6,09:59:28,3471.9188,100
7,09:59:22,3472.4,100
8,09:59:20,3473.0,255
9,09:59:20,3473.46,250
10,09:59:04,3473.03,100
11,09:59:04,3473.0,241
12,09:59:01,3473.35,175
13,09:59:01,3473.38,100
14,09:59:01,3473.01,100
15,09:58:56,3471.66,100
16,09:58:55,3472.41,100
17,09:58:47,3471.435,100
18,09:58:47,3470.96,100
19,09:58:46,3470.94,183
20,09:58:46,3470.94,1200
21,09:58:46,3471.85,100
22,09:58:45,3472.2246,200
23,09:58:42,3472.0,222
24,09:58:42,3472.0,111
25,09:58:42,3472.0,567
26,09:58:37,3473.0,150
27,09:58:31,3471.46,500
28,09:58:28,3470.49,500
29,09:58:18,3471.4599,220
30,09:58:18,3469.52,100
31,09:58:11,3470.0229,100
32,09:58:03,3470.04,100
33,09:58:03,3470.76,100
34,09:57:56,3471.18,200
35,09:57:47,3469.8768,100
36,09:57:44,3469.765,100
37,09:57:40,3468.8217,732
38,09:57:40,3469.27,100
39,09:57:40,3471.02,100
40,09:57:39,3472.1406,100
41,09:57:34,3472.15,100
42,09:57:23,3471.4965,164
43,09:57:20,3471.669,200
44,09:57:17,3472.03,100
45,09:57:14,3471.64,100
46,09:57:14,3471.64,100
47,09:57:12,3471.82,175
48,09:57:11,3471.82,200
49,09:57:11,3472.2712,250
50,09:57:10,3472.33,100
51,09:57:10,3472.46,100
52,09:57:08,3472.64,100
53,09:57:08,3472.64,149
54,09:57:07,3473.23,100
55,09:57:07,3473.31,100
56,09:57:07,3473.35,100
57,09:57:02,3473.02,274
58,09:57:02,3474.0,1000
59,09:56:57,3473.505,100
60,09:56:56,3474.0,500
61,09:56:50,3474.49,105
62,09:56:48,3473.96,100
63,09:56:47,3474.014,100
64,09:56:46,3474.011,100
65,09:56:46,3474.0,100
66,09:56:46,3474.14,100
67,09:56:40,3473.99,100
68,09:56:36,3473.495,100
69,09:56:33,3472.72,500
70,09:56:23,3474.0,100
71,09:56:18,3474.62,100
72,09:56:12,3474.6,500
73,09:56:11,3474.49,149
74,09:56:01,3474.69,100
75,09:56:01,3474.7,108
76,09:56:01,3474.51,206
77,09:56:01,3474.51,206
78,09:56:01,3474.51,111
79,09:56:01,3474.5,100
80,09:55:55,3474.0,100
81,09:55:52,3474.45,100
82,09:55:52,3474.26,100
83,09:55:51,3473.54,287
84,09:55:51,3473.55,147
85,09:55:48,3473.85,798
86,09:55:47,3473.7375,500
87,09:55:47,3473.85,100
88,09:55:47,3473.61,100
89,09:55:44,3472.735,100
90,09:55:41,3473.5891,100
91,09:55:38,3473.84,100
92,09:55:37,3472.59,100
93,09:55:37,3473.86,100
94,09:55:30,3473.002,500
95,09:55:30,3473.71,181
96,09:55:28,3471.8386,100
97,09:55:27,3472.13,1000
98,09:55:27,3471.63,100
99,09:55:27,3471.54,100
100,09:55:24,3472.53,200
101,09:55:22,3472.0,100
102,09:55:22,3471.31,100
103,09:55:22,3471.41,160
104,09:55:22,3471.41,100
105,09:55:22,3470.795,100
106,09:55:17,3470.88,100
107,09:55:10,3470.87,100
108,09:55:10,3470.262,500
109,09:55:06,3470.075,200
110,09:55:03,3470.1115,300
111,09:55:02,3470.43,100
112,09:55:01,3470.3868,230
113,09:55:00,3470.08,100
114,09:55:00,3470.0,100
115,09:55:00,3470.0,100
116,09:54:59,3469.26,100
117,09:54:56,3469.0594,100
118,09:54:56,3469.25,100
119,09:54:51,3468.05,100
120,09:54:48,3466.8793,100
121,09:54:48,3466.972,500
122,09:54:47,3467.54,100
123,09:54:47,3467.54,100
124,09:54:47,3466.72,100
125,09:54:46,3466.33,100
126,09:54:46,3466.71,100
127,09:54:45,3466.91,100
128,09:54:38,3465.48,100
129,09:54:36,3464.835,100
130,09:54:35,3464.98,100
131,09:54:31,3463.5,100
132,09:54:28,3463.36,100
133,09:54:27,3463.2764,100
134,09:54:27,3463.2,100
135,09:54:27,3463.15,300
136,09:54:24,3462.97,100
137,09:54:15,3463.14,100
138,09:54:15,3463.16,100
139,09:54:15,3462.62,200
140,09:54:15,3462.78,100
141,09:54:15,3462.82,100
142,09:54:14,3463.305,100
143,09:54:13,3462.9407,103
144,09:54:13,3463.502,100
145,09:53:59,3464.7155,150
146,09:53:58,3464.15,100
147,09:53:57,3464.08,100
148,09:53:45,3463.62,100
149,09:53:44,3464.31,500
150,09:53:43,3464.0,100
151,09:53:34,3461.81,100
152,09:53:31,3461.6998,100
153,09:53:26,3461.785,100
154,09:53:26,3461.785,100
155,09:53:22,3460.43,500
156,09:53:20,3460.78,100
157,09:53:19,3460.31,100
158,09:53:16,3461.71,100
159,09:53:13,3461.9058,100
160,09:53:10,3460.655,100
161,09:53:09,3460.3169,144
162,09:52:59,3460.12,678
163,09:52:48,3459.74,100
164,09:52:48,3459.8391,1000
165,09:52:47,3460.0,100
166,09:52:45,3459.78,100
167,09:52:44,3459.46,100
168,09:52:27,3459.14,100
169,09:52:25,3458.3,100
170,09:52:15,3458.1642,101
171,09:52:14,3458.7774,100
172,09:52:09,3457.81,100
173,09:52:09,3457.73,133
174,09:52:05,3458.2,100
175,09:52:05,3458.2,100
176,09:52:04,3457.195,100
177,09:52:03,3459.0,100
178,09:51:55,3458.0,100
179,09:51:55,3457.74,100
180,09:51:50,3457.33,213
181,09:51:49,3456.695,100
182,09:51:38,3457.65,100
183,09:51:22,3455.93,100
184,09:51:13,3455.62,100
185,09:51:12,3454.23,100
186,09:51:12,3454.23,100
187,09:51:12,3454.78,100
188,09:51:07,3453.355,100
189,09:51:03,3453.6563,100
190,09:51:01,3452.79,100
191,09:50:54,3452.01,100
192,09:50:54,3452.335,100
193,09:50:46,3453.8,100
194,09:50:45,3454.2125,100
195,09:50:39,3455.15,100
196,09:50:38,3455.89,100
197,09:50:38,3454.96,100
198,09:50:34,3454.96,100
199,09:50:32,3455.835,100
200,09:50:24,3456.205,150
201,09:50:20,3456.29,100
202,09:50:17,3456.13,100
203,09:50:17,3456.67,100
204,09:50:15,3455.4,100
205,09:50:15,3455.68,100
206,09:50:15,3455.64,100
207,09:50:14,3455.91,100
208,09:50:04,3456.28,100
209,09:50:04,3456.11,100
210,09:50:04,3455.425,100
211,09:50:04,3455.425,100
212,09:50:04,3455.43,100
213,09:49:58,3457.5,100
214,09:49:56,3457.206,100
215,09:49:53,3457.0,278
216,09:49:53,3456.79,100
217,09:49:50,3455.46,100
218,09:49:50,3455.47,100
219,09:49:50,3455.47,100
220,09:49:35,3454.81,100
221,09:49:35,3454.35,100
222,09:49:32,3454.4383,200
223,09:49:30,3453.65,100
224,09:49:30,3453.91,100
225,09:49:30,3453.89,100
226,09:49:26,3452.8323,100
227,09:49:24,3453.3,100
228,09:49:22,3453.0,183
229,09:49:20,3453.5584,200
230,09:49:20,3453.77,100
231,09:49:17,3454.8099,100
232,09:49:15,3454.29,100
233,09:49:15,3454.29,212
234,09:49:10,3454.56,100
235,09:49:09,3455.73,100
236,09:49:08,3453.99,100
237,09:49:02,3453.3945,149
238,09:49:00,3453.985,100
239,09:48:59,3453.52,100
240,09:48:56,3453.0499,137
241,09:48:56,3453.0499,188
242,09:48:56,3453.25,254
243,09:48:56,3453.25,146
244,09:48:53,3453.22,100
245,09:48:51,3452.36,100
246,09:48:33,3452.244,110
247,09:48:31,3451.53,100
248,09:48:26,3452.3475,100
249,09:48:21,3452.295,100
250,09:48:16,3450.9,200
251,09:48:16,3451.5,1000
252,09:48:12,3451.3867,300
253,09:48:00,3451.28,100
254,09:47:59,3451.65,100
255,09:47:55,3451.9925,100
256,09:47:46,3450.5,1075
257,09:47:46,3450.01,500
258,09:47:46,3450.02,100
259,09:47:46,3450.18,100
260,09:47:46,3451.15,100
261,09:47:46,3451.99,200
262,09:47:46,3452.6,100
263,09:47:46,3452.6,500
264,09:47:45,3453.405,500
265,09:47:42,3451.845,100
266,09:47:39,3452.465,100
267,09:47:37,3451.81,100
268,09:47:33,3453.99,100
269,09:47:29,3452.46,100
270,09:47:21,3451.39,100
271,09:47:21,3451.4,100
272,09:47:21,3451.39,100
273,09:47:21,3451.39,100
274,09:47:09,3451.87,100
275,09:47:09,3452.63,100
276,09:47:08,3451.9748,200
277,09:47:04,3453.305,100
278,09:47:04,3453.3,100
279,09:47:01,3453.71,100
280,09:47:01,3453.33,100
281,09:46:58,3455.2654,583
282,09:46:51,3454.81,100
283,09:46:48,3454.0,169
284,09:46:48,3454.0,111
285,09:46:48,3454.0,210
286,09:46:48,3454.0,100
287,09:46:47,3453.3,100
288,09:46:40,3452.48,100
289,09:46:40,3452.48,100
290,09:46:33,3453.13,100
291,09:46:30,3454.08,100
292,09:46:25,3454.555,100
293,09:46:22,3454.982,100
294,09:46:22,3454.8174,526
295,09:46:20,3454.185,100
296,09:46:20,3454.08,100
297,09:46:10,3453.55,100
298,09:46:10,3453.55,100
299,09:46:10,3453.5,100
300,09:46:07,3454.0783,149
301,09:46:07,3453.62,100
302,09:46:06,3455.2418,137
303,09:46:06,3455.1218,100
304,09:46:06,3455.2428,750
305,09:46:02,3454.395,500
306,09:46:00,3454.01,200
307,09:46:00,3455.57,500
308,09:46:00,3455.57,158
309,09:45:59,3459.53,100
310,09:45:59,3458.78,100
311,09:45:59,3457.46,100
312,09:45:59,3457.46,100
313,09:45:49,3460.04,100
314,09:45:47,3459.0,375
315,09:45:47,3459.8,100
316,09:45:44,3458.38,100
317,09:45:43,3460.21,100
318,09:45:40,3459.2357,112
319,09:45:40,3460.51,100
320,09:45:39,3461.59,100
321,09:45:39,3460.51,100
322,09:45:38,3460.52,100
323,09:45:34,3460.51,1000
324,09:45:34,3462.02,100
325,09:45:30,3461.42,100
326,09:45:28,3461.6189,500
327,09:45:27,3462.6317,100
328,09:45:26,3463.065,200
329,09:45:18,3461.6845,100
330,09:45:17,3461.55,100
331,09:45:17,3461.54,100
332,09:45:08,3461.3911,100
333,09:45:08,3461.765,100
334,09:45:01,3463.7,100
335,09:45:00,3460.38,100
336,09:45:00,3460.99,200
337,09:45:00,3460.2786,100
338,09:45:00,3460.3582,300
339,09:45:00,3463.315,100
340,09:45:00,3462.03,100
341,09:45:00,3463.0525,100
342,09:45:00,3460.83,100
343,09:45:00,3460.83,100
344,09:45:00,3461.0,100
345,09:45:00,3461.57,100
346,09:45:00,3462.185,100
347,09:45:00,3462.54,100
348,09:45:00,3462.4926,100
349,09:45:00,3462.035,100
350,09:45:00,3462.06,100
351,09:45:00,3462.41,200
352,09:45:00,3462.06,100
353,09:45:00,3463.0,700
354,09:44:59,3461.7477,200
355,09:44:55,3462.79,144
356,09:44:54,3461.936,100
357,09:44:54,3462.79,100
358,09:44:46,3459.53,110
359,09:44:46,3460.0,100
360,09:44:46,3459.54,100
361,09:44:39,3460.19,100
362,09:44:39,3459.805,100
363,09:44:38,3460.86,100
364,09:44:37,3459.38,100
365,09:44:37,3459.38,100
366,09:44:37,3459.38,100
367,09:44:33,3459.0,100
368,09:44:33,3459.28,100
369,09:44:32,3458.95,100
370,09:44:27,3457.0,210
371,09:44:23,3455.0101,100
372,09:44:21,3454.925,100
373,09:44:20,3455.0036,280
374,09:44:17,3453.71,100
375,09:44:16,3455.0,100
376,09:44:14,3456.62,100
377,09:44:13,3456.7482,100
378,09:44:11,3456.63,100
379,09:44:11,3455.88,100
380,09:44:11,3455.82,100
381,09:44:11,3455.89,100
382,09:44:08,3457.4,100
383,09:44:05,3454.8068,100
384,09:44:05,3455.27,100
385,09:44:04,3454.59,193
386,09:44:04,3454.59,145
387,09:44:04,3454.59,145
388,09:44:01,3454.5901,100
389,09:44:01,3457.1884,1000
390,09:43:59,3455.01,100
391,09:43:54,3457.2051,400
392,09:43:54,3455.89,100
393,09:43:54,3455.91,100
394,09:43:54,3456.96,100
395,09:43:53,3456.37,100
396,09:43:53,3456.32,100
397,09:43:53,3456.3,100
398,09:43:51,3455.1393,100
399,09:43:50,3454.29,100
400,09:43:50,3454.57,100
401,09:43:49,3454.79,100
402,09:43:49,3454.8,100
403,09:43:47,3454.0,156
404,09:43:47,3454.0,100
405,09:43:44,3452.2518,1000
406,09:43:43,3452.2943,100
407,09:43:42,3452.3145,1500
408,09:43:41,3453.495,100
409,09:43:41,3452.98,100
410,09:43:41,3452.98,111
411,09:43:39,3453.765,100
412,09:43:38,3454.5699,450
413,09:43:38,3454.1824,100
414,09:43:37,3454.41,100
415,09:43:37,3454.7,100
416,09:43:37,3453.5,100
417,09:43:36,3452.92,500
418,09:43:36,3453.5,100
419,09:43:36,3452.45,100
420,09:43:34,3452.31,100
421,09:43:33,3452.9999,149
422,09:43:33,3452.86,100
423,09:43:33,3450.0301,150
424,09:43:32,3450.9983,100
425,09:43:23,3450.771,100
426,09:43:22,3451.8,100
427,09:43:20,3451.56,100
428,09:43:20,3451.39,111
429,09:43:20,3451.38,100
430,09:43:20,3451.38,100
431,09:43:20,3451.27,100
432,09:43:20,3450.0,100
433,09:43:20,3450.0,100
434,09:43:20,3449.75,195
435,09:43:17,3448.42,100
436,09:43:13,3449.39,100
437,09:43:13,3447.2101,100
438,09:43:10,3448.135,100
439,09:43:10,3447.87,100
440,09:43:07,3448.14,100
441,09:43:07,3448.55,100
442,09:43:07,3448.02,100
443,09:43:06,3448.02,100
444,09:43:06,3448.8103,100
445,09:43:06,3448.93,100
446,09:43:02,3449.49,100
447,09:43:02,3449.14,100
448,09:43:02,3449.1399,100
449,09:43:01,3449.45,100
450,09:43:01,3449.45,100
451,09:42:56,3447.855,200
452,09:42:54,3449.055,100
453,09:42:52,3447.53,100
454,09:42:51,3447.4217,497
455,09:42:50,3449.09,250
456,09:42:50,3448.28,100
457,09:42:46,3447.57,100
458,09:42:45,3448.48,100
459,09:42:45,3448.74,100
460,09:42:45,3448.74,100
461,09:42:45,3448.74,100
462,09:42:44,3447.68,100
463,09:42:42,3445.8672,273
464,09:42:40,3443.33,100
465,09:42:38,3443.16,100
466,09:42:35,3444.06,100
467,09:42:33,3442.4555,250
468,09:42:29,3442.5431,100
469,09:42:29,3441.71,200
470,09:42:27,3442.55,100
471,09:42:25,3441.1131,125
472,09:42:22,3440.86,100
473,09:42:20,3440.0,100
474,09:42:20,3440.11,100
475,09:42:20,3440.79,100
476,09:42:20,3440.78,100
477,09:42:18,3441.86,100
478,09:42:15,3441.9165,250
479,09:42:10,3443.12,100
480,09:42:09,3441.311,150
481,09:42:05,3441.84,100
482,09:42:03,3440.9899,100
483,09:41:57,3440.12,198
484,09:41:55,3440.6,100
485,09:41:55,3440.46,100
486,09:41:55,3439.89,100
487,09:41:54,3439.86,100
488,09:41:53,3439.795,200
489,09:41:53,3439.32,100
490,09:41:51,3439.57,123
491,09:41:51,3439.32,100
492,09:41:46,3439.34,100
493,09:41:46,3438.71,100
494,09:41:43,3439.25,100
495,09:41:42,3439.69,185
496,09:41:42,3440.1,290
497,09:41:42,3440.11,110
498,09:41:42,3440.11,100
499,09:41:41,3441.0,100
500,09:41:40,3441.03,100
501,09:41:40,3441.0,100
502,09:41:40,3441.0,100
503,09:41:39,3441.42,100
504,09:41:39,3442.2,250
505,09:41:39,3441.43,100
506,09:41:39,3441.71,100
507,09:41:37,3442.7,100
508,09:41:37,3442.7,100
509,09:41:37,3442.7,100
510,09:41:32,3443.84,100
511,09:41:30,3443.8,100
512,09:41:30,3442.75,100
513,09:41:30,3441.92,100
514,09:41:26,3441.04,100
515,09:41:22,3441.81,100
516,09:41:20,3442.16,250
517,09:41:20,3442.0,132
518,09:41:20,3442.335,100
519,09:41:15,3443.82,100
520,09:41:14,3444.4464,100
521,09:41:14,3444.185,100
522,09:41:12,3444.685,100
523,09:41:11,3445.06,100
524,09:41:07,3445.06,100
525,09:41:07,3446.82,250
526,09:41:07,3446.4,100
527,09:41:03,3447.0,299
528,09:41:03,3445.4,100
529,09:41:01,3444.85,100
530,09:40:56,3442.5275,150
531,09:40:54,3442.45,100
532,09:40:52,3443.26,100
533,09:40:50,3441.39,100
534,09:40:49,3443.0,100
535,09:40:49,3444.705,100
536,09:40:48,3444.88,268
537,09:40:46,3444.0,100
538,09:40:45,3444.18,100
539,09:40:44,3443.645,100
540,09:40:41,3444.8375,100
541,09:40:30,3443.02,100
542,09:40:30,3443.545,120
543,09:40:29,3445.055,119
544,09:40:29,3445.0,100
545,09:40:29,3445.0,251
546,09:40:29,3445.77,100
547,09:40:15,3447.49,100
548,09:40:10,3443.47,100
549,09:40:10,3443.47,100
550,09:40:10,3443.47,100
551,09:40:09,3445.8566,292
552,09:40:08,3445.12,300
553,09:40:07,3445.61,100
554,09:40:07,3445.61,100
555,09:40:06,3445.8804,100
556,09:40:06,3446.51,250
557,09:40:06,3446.0,100
558,09:40:06,3446.0,100
559,09:40:05,3445.9652,120
560,09:40:05,3445.95,200
561,09:40:05,3445.9324,100
562,09:40:03,3445.8836,100
563,09:40:03,3445.61,100
564,09:40:03,3445.61,100
565,09:40:03,3445.63,100
566,09:40:03,3445.75,100
567,09:40:03,3446.34,100
568,09:40:02,3446.495,160
569,09:40:01,3446.421,100
570,09:39:57,3446.18,115
571,09:39:57,3446.18,745
572,09:39:57,3445.2018,200
573,09:39:56,3445.8528,100
574,09:39:56,3445.8,100
575,09:39:51,3445.49,100
576,09:39:51,3445.435,100
577,09:39:51,3444.79,100
578,09:39:51,3444.5,100
579,09:39:51,3445.04,100
580,09:39:51,3444.98,100
581,09:39:51,3445.24,100
582,09:39:51,3445.02,100
583,09:39:51,3445.0,100
584,09:39:49,3446.0,100
585,09:39:45,3445.98,100
586,09:39:39,3444.23,100
587,09:39:38,3444.42,100
588,09:39:31,3443.48,100
589,09:39:31,3443.46,100
590,09:39:31,3443.49,103
591,09:39:30,3444.025,100
592,09:39:30,3443.47,124
593,09:39:25,3444.5899,200
594,09:39:20,3441.88,500
595,09:39:20,3441.3,100
596,09:39:17,3442.08,100
597,09:39:15,3442.0,100
598,09:39:15,3442.12,100
599,09:39:14,3440.99,100
600,09:39:14,3441.4,100
601,09:39:14,3441.215,100
602,09:39:14,3441.74,100
603,09:39:11,3441.4,100
604,09:39:10,3442.155,100
605,09:39:08,3441.99,100
606,09:39:08,3441.6,100
607,09:39:08,3440.62,100
608,09:39:06,3440.57,100
609,09:39:05,3440.2086,300
610,09:38:57,3440.03,100
611,09:38:56,3439.97,500
612,09:38:50,3438.0814,1400
613,09:38:49,3438.46,100
614,09:38:49,3438.46,100
615,09:38:44,3438.56,100
616,09:38:38,3437.69,194
617,09:38:38,3436.692,500
618,09:38:32,3437.435,500
619,09:38:30,3436.2,1100
620,09:38:29,3436.245,200
621,09:38:29,3436.355,100
622,09:38:29,3436.5,100
623,09:38:28,3437.99,250
624,09:38:27,3437.6,108
625,09:38:27,3437.58,100
626,09:38:27,3437.58,100
627,09:38:27,3437.13,100
628,09:38:27,3437.14,100
629,09:38:26,3436.49,100
630,09:38:26,3436.4887,750
631,09:38:24,3436.5791,100
632,09:38:23,3436.18,100
633,09:38:23,3436.1,100
634,09:38:23,3436.0,100
635,09:38:21,3435.61,100
636,09:38:21,3435.46,100
637,09:38:21,3434.735,100
638,09:38:21,3434.115,100
639,09:38:18,3435.2711,250
640,09:38:17,3435.2917,100
641,09:38:16,3435.165,250
642,09:38:15,3436.025,100
643,09:38:15,3435.61,100
644,09:38:15,3435.04,450
645,09:38:15,3434.105,100
646,09:38:15,3435.04,100
647,09:38:15,3435.0,900
648,09:38:13,3434.04,100
649,09:38:13,3434.42,100
650,09:38:12,3437.6005,500
651,09:38:11,3438.15,100
652,09:38:10,3435.51,100
653,09:38:08,3434.7008,100
654,09:38:08,3436.1599,1000
655,09:38:08,3436.11,100
656,09:38:06,3435.58,273
657,09:38:06,3436.16,100
658,09:38:06,3436.19,100
659,09:38:06,3435.99,100
660,09:38:06,3435.99,100
661,09:38:06,3435.0,100
662,09:38:06,3435.23,100
663,09:38:05,3437.08,177
664,09:38:04,3437.7743,100
665,09:38:04,3437.66,100
666,09:38:03,3436.97,100
667,09:38:03,3436.97,100
668,09:38:03,3436.97,100
669,09:38:03,3436.97,100
670,09:38:03,3436.54,115
671,09:38:03,3435.66,100
672,09:38:03,3436.0,100
673,09:38:03,3436.94,100
674,09:38:02,3437.2001,100
675,09:38:02,3437.2,100
676,09:38:01,3437.9666,450
677,09:38:00,3437.2001,250
678,09:37:59,3438.1761,250
679,09:37:59,3439.16,100
680,09:37:58,3438.3401,300
681,09:37:58,3440.0,100
682,09:37:57,3440.1,100
683,09:37:57,3440.1,100
684,09:37:57,3441.47,250
685,09:37:57,3441.215,100
686,09:37:57,3442.02,200
687,09:37:57,3441.47,100
688,09:37:57,3441.2,100
689,09:37:57,3441.77,200
690,09:37:55,3441.3389,200
691,09:37:53,3442.03,100
692,09:37:53,3441.39,104
693,09:37:53,3441.39,296
694,09:37:53,3440.755,100
695,09:37:53,3440.73,100
696,09:37:53,3440.73,100
697,09:37:51,3442.155,100
698,09:37:48,3442.335,100
699,09:37:44,3442.1114,115
700,09:37:42,3442.39,100
701,09:37:42,3442.39,100
702,09:37:42,3442.34,100
703,09:37:40,3441.92,1000
704,09:37:40,3441.38,100
705,09:37:40,3441.69,100
706,09:37:38,3442.99,100
707,09:37:38,3442.9922,250
708,09:37:37,3442.49,100
709,09:37:37,3443.0,100
710,09:37:37,3442.95,100
711,09:37:35,3442.965,250
712,09:37:32,3441.7412,800
713,09:37:31,3442.03,200
714,09:37:30,3443.04,100
715,09:37:30,3441.05,300
716,09:37:30,3443.1203,1200
717,09:37:29,3443.6886,290
718,09:37:29,3443.555,210
719,09:37:28,3443.217,100
720,09:37:28,3443.09,100
721,09:37:28,3443.09,800
722,09:37:28,3443.09,1230
723,09:37:26,3443.11,100
724,09:37:26,3443.11,145
725,09:37:26,3443.11,104
726,09:37:24,3440.2,100
727,09:37:22,3443.19,100
728,09:37:22,3444.18,100
729,09:37:20,3442.66,100
730,09:37:20,3445.0,117
731,09:37:20,3443.84,100
732,09:37:20,3445.0,100
733,09:37:20,3443.835,100
734,09:37:19,3446.17,100
735,09:37:18,3446.51,100
736,09:37:17,3447.0691,145
737,09:37:16,3446.94,100
738,09:37:15,3448.455,100
739,09:37:15,3450.0,100
740,09:37:14,3450.0,100
741,09:37:14,3450.0,100
742,09:37:13,3451.0,100
743,09:37:13,3452.735,100
744,09:37:12,3452.64,100
745,09:37:11,3453.245,283
746,09:37:10,3452.53,100
747,09:37:09,3453.59,100
748,09:37:07,3455.29,500
749,09:37:07,3455.85,100
750,09:37:06,3456.3675,100
751,09:37:06,3456.01,100
752,09:37:06,3455.88,100
753,09:37:06,3455.88,100
754,09:37:06,3455.88,100
755,09:37:06,3456.01,100
756,09:37:05,3456.27,100
757,09:37:05,3456.88,100
758,09:37:04,3457.66,300
759,09:37:04,3457.0775,100
760,09:37:02,3457.675,100
761,09:37:02,3457.675,100
762,09:37:02,3457.675,200
763,09:37:02,3457.675,200
764,09:37:02,3457.675,200
765,09:37:01,3457.49,100
766,09:37:01,3457.3,100
767,09:37:01,3456.32,100
768,09:37:00,3456.97,100
769,09:37:00,3457.2574,204
770,09:36:57,3456.85,150
771,09:36:57,3457.56,200
772,09:36:56,3457.77,100
773,09:36:56,3458.51,100
774,09:36:56,3458.53,100
775,09:36:52,3459.21,250
776,09:36:51,3458.295,100
777,09:36:48,3458.89,200
778,09:36:47,3459.1,100
779,09:36:47,3459.09,100
780,09:36:47,3459.19,100
781,09:36:46,3459.99,100
782,09:36:45,3462.1389,1000
783,09:36:45,3461.7922,100
784,09:36:43,3459.546,132
785,09:36:42,3459.93,200
786,09:36:40,3461.79,100
787,09:36:39,3461.9793,500
788,09:36:38,3460.505,100
789,09:36:38,3459.97,100
790,09:36:36,3460.93,100
791,09:36:36,3459.28,200
792,09:36:35,3458.17,100
793,09:36:32,3459.775,100
794,09:36:32,3458.05,250
795,09:36:26,3458.215,100
796,09:36:21,3458.56,147
797,09:36:21,3457.53,146
798,09:36:20,3456.97,100
799,09:36:18,3459.255,500
800,09:36:17,3459.26,100
801,09:36:17,3458.51,100
802,09:36:17,3458.5,100
803,09:36:16,3459.355,100
804,09:36:15,3458.84,100
805,09:36:15,3459.64,100
806,09:36:14,3459.06,100
807,09:36:10,3459.87,100
808,09:36:10,3459.81,100
809,09:36:10,3459.86,100
810,09:36:09,3460.5735,100
811,09:36:09,3459.81,100
812,09:36:05,3459.44,100
813,09:36:05,3459.44,100
814,09:36:05,3459.44,100
815,09:36:04,3459.49,100
816,09:36:03,3460.0,100
817,09:36:02,3459.6,100
818,09:36:01,3460.0,100
819,09:36:01,3458.21,121
820,09:36:01,3460.0,100
821,09:35:53,3461.74,100
822,09:35:52,3462.52,100
823,09:35:52,3463.17,100
824,09:35:52,3463.0,100
825,09:35:52,3461.0056,1225
826,09:35:52,3462.0,200
827,09:35:52,3462.0,200
828,09:35:52,3462.05,100
829,09:35:52,3462.315,100
830,09:35:52,3462.315,200
831,09:35:52,3462.315,200
832,09:35:50,3463.61,100
833,09:35:48,3461.98,100
834,09:35:48,3461.3,100
835,09:35:48,3461.27,100
836,09:35:48,3461.35,100
837,09:35:48,3461.5,100
838,09:35:48,3461.99,100
839,09:35:48,3462.63,100
840,09:35:46,3463.315,100
841,09:35:45,3463.315,100
842,09:35:43,3462.67,100
843,09:35:43,3463.9063,100
844,09:35:41,3464.39,100
845,09:35:38,3463.145,100
846,09:35:37,3464.5505,150
847,09:35:37,3463.935,100
848,09:35:37,3464.32,100
849,09:35:37,3464.37,100
850,09:35:29,3464.6122,278
851,09:35:28,3462.4,100
852,09:35:28,3462.4,100
853,09:35:28,3462.4,100
854,09:35:28,3463.46,100
855,09:35:28,3462.4,100
856,09:35:28,3462.61,200
857,09:35:28,3462.96,100
858,09:35:28,3464.71,100
859,09:35:27,3464.79,100
860,09:35:27,3462.78,100
861,09:35:26,3464.2,100
862,09:35:26,3464.52,100
863,09:35:26,3464.43,100
864,09:35:26,3464.52,100
865,09:35:26,3464.52,100
866,09:35:26,3464.145,100
867,09:35:26,3464.175,100
868,09:35:26,3463.8301,100
869,09:35:20,3462.81,100
870,09:35:20,3462.82,122
871,09:35:20,3462.82,248
872,09:35:19,3461.48,100
873,09:35:17,3462.715,100
874,09:35:17,3461.8,100
875,09:35:17,3461.845,100
876,09:35:13,3461.4158,150
877,09:35:13,3460.88,200
878,09:35:13,3461.78,100
879,09:35:13,3461.105,100
880,09:35:11,3462.0699,100
881,09:35:11,3460.16,100
882,09:35:11,3461.01,100
883,09:35:11,3461.29,100
884,09:35:08,3461.29,100
885,09:35:08,3461.965,500
886,09:35:06,3463.3631,100
887,09:35:02,3465.25,100
888,09:35:02,3464.57,100
889,09:35:02,3464.44,100
890,09:35:01,3465.0,100
891,09:35:01,3464.44,100
892,09:35:01,3465.0,100
893,09:35:01,3465.0,100
894,09:35:01,3465.8618,100
895,09:35:00,3465.8937,115
896,09:34:58,3466.1169,100
897,09:34:56,3466.1245,100
898,09:34:52,3466.2,100
899,09:34:52,3466.0,100
900,09:34:45,3467.035,200
901,09:34:45,3466.71,100
902,09:34:45,3466.76,200
903,09:34:45,3466.1,100
904,09:34:42,3467.99,500
905,09:34:42,3466.1,250
906,09:34:40,3466.775,100
907,09:34:32,3466.8135,100
908,09:34:31,3467.3999,100
909,09:34:28,3466.5,145
910,09:34:28,3466.97,100
911,09:34:28,3466.62,100
912,09:34:23,3467.865,100
913,09:34:22,3467.968,100
914,09:34:16,3467.1001,140
915,09:34:16,3470.0,100
916,09:34:15,3469.48,250
917,09:34:15,3469.49,100
918,09:34:15,3469.53,100
919,09:34:13,3470.0,100
920,09:34:10,3469.48,100
921,09:34:05,3466.51,100
922,09:34:01,3470.0,300
923,09:34:01,3470.3,100
924,09:33:51,3469.93,100
925,09:33:51,3469.93,100
926,09:33:37,3468.535,100
927,09:33:37,3468.2,100
928,09:33:34,3471.08,100
929,09:33:34,3471.03,100
930,09:33:34,3471.03,100
931,09:33:34,3471.24,100
932,09:33:34,3472.1,100
933,09:33:34,3472.1,100
934,09:33:33,3471.75,100
935,09:33:33,3471.44,100
936,09:33:33,3471.49,200
937,09:33:32,3469.615,1000
938,09:33:30,3469.3223,110
939,09:33:26,3467.11,100
940,09:33:26,3466.7735,100
941,09:33:23,3466.55,300
942,09:33:22,3467.48,100
943,09:33:21,3467.11,100
944,09:33:20,3468.79,100
945,09:33:16,3469.35,100
946,09:33:15,3469.4,100
947,09:33:15,3469.8678,200
948,09:33:14,3468.48,100
949,09:33:14,3468.57,100
950,09:33:13,3466.18,100
951,09:33:13,3467.06,100
952,09:33:07,3466.98,100
953,09:33:07,3466.97,100
954,09:33:06,3467.635,1000
955,09:33:06,3468.0,100
956,09:33:06,3467.27,100
957,09:33:06,3466.82,100
958,09:33:06,3466.61,100
959,09:33:02,3467.0,100
960,09:33:02,3467.0,100
961,09:33:02,3468.465,100
962,09:33:00,3468.24,100
963,09:33:00,3468.35,100
964,09:33:00,3467.74,100
965,09:32:57,3468.01,232
966,09:32:53,3469.0578,100
967,09:32:52,3468.77,100
968,09:32:50,3470.57,549
969,09:32:46,3468.78,100
970,09:32:38,3469.89,100
971,09:32:32,3471.61,100
972,09:32:32,3471.08,200
973,09:32:32,3471.08,100
974,09:32:32,3471.08,100
975,09:32:32,3471.08,100
976,09:32:32,3471.08,100
977,09:32:32,3472.6095,100
978,09:32:31,3472.825,199
979,09:32:31,3471.91,200
980,09:32:31,3472.27,100
981,09:32:31,3471.91,100
982,09:32:31,3471.92,220
983,09:32:31,3471.915,100
984,09:32:30,3473.0,100
985,09:32:27,3472.23,100
986,09:32:27,3472.0,100
987,09:32:27,3472.0,100
988,09:32:27,3472.0,100
989,09:32:24,3471.024,200
990,09:32:21,3468.82,200
991,09:32:20,3468.72,100
992,09:32:18,3468.72,100
993,09:32:18,3467.86,100
994,09:32:18,3468.715,100
995,09:32:18,3468.38,100
996,09:32:17,3467.05,135
997,09:32:11,3467.85,250
998,09:32:11,3467.0,100
999,09:32:09,3467.38,144
1000,09:32:03,3467.01,100
1001,09:32:03,3467.01,100
1002,09:32:02,3467.0,100
1003,09:32:02,3467.0,100
1004,09:32:02,3468.0,100
1005,09:32:02,3468.3305,150
1006,09:32:02,3467.0,177
1007,09:32:02,3467.24,100
1008,09:32:02,3468.0,100
1009,09:32:02,3469.01,100
1010,09:32:02,3469.0,107
1011,09:32:02,3470.0,100
1012,09:32:01,3472.0,200
1013,09:32:01,3472.0,100
1014,09:32:01,3472.0,100
1015,09:32:01,3471.84,107
1016,09:31:59,3472.03,200
1017,09:31:57,3473.46,100
1018,09:31:57,3473.46,100
1019,09:31:57,3473.46,100
1020,09:31:57,3473.46,123
1021,09:31:57,3473.48,400
1022,09:31:57,3473.94,100
1023,09:31:57,3474.08,200
1024,09:31:57,3474.43,100
1025,09:31:53,3474.36,100
1026,09:31:53,3473.41,100
1027,09:31:52,3473.4,169
1028,09:31:51,3472.89,131
1029,09:31:49,3472.2547,100
1030,09:31:46,3472.5,177
1031,09:31:46,3472.51,200
1032,09:31:46,3472.51,200
1033,09:31:46,3473.69,100
1034,09:31:46,3473.1,207
1035,09:31:45,3474.0,100
1036,09:31:43,3474.89,100
1037,09:31:40,3475.29,394
1038,09:31:40,3476.59,100
1039,09:31:38,3475.3,100
1040,09:31:37,3474.0001,1739
1041,09:31:37,3474.8,100
1042,09:31:37,3474.8,100
1043,09:31:37,3474.82,100
1044,09:31:37,3474.8,100
1045,09:31:34,3476.415,100
1046,09:31:31,3475.2895,250
1047,09:31:30,3475.33,100
1048,09:31:27,3475.6065,100
1049,09:31:27,3474.98,100
1050,09:31:27,3475.0,100
1051,09:31:27,3475.64,400
1052,09:31:27,3475.0,100
1053,09:31:27,3475.0,100
1054,09:31:27,3476.11,100
1055,09:31:26,3476.0,200
1056,09:31:25,3476.0001,144
1057,09:31:25,3477.15,100
1058,09:31:24,3476.9803,115
1059,09:31:23,3476.575,100
1060,09:31:21,3477.0299,200
1061,09:31:21,3477.0,165
1062,09:31:21,3476.75,100
1063,09:31:18,3478.22,100
1064,09:31:18,3477.94,100
1065,09:31:18,3477.94,100
1066,09:31:18,3477.95,320
1067,09:31:18,3481.48,100
1068,09:31:18,3479.7066,300
1069,09:31:18,3479.15,100
1070,09:31:18,3478.72,100
1071,09:31:17,3477.85,100
1072,09:31:17,3478.53,100
1073,09:31:17,3478.53,200
1074,09:31:17,3478.52,100
1075,09:31:17,3478.49,100
1076,09:31:17,3479.45,100
1077,09:31:17,3479.45,100
1078,09:31:17,3479.44,100
1079,09:31:15,3480.38,100
1080,09:31:13,3480.3733,150
1081,09:31:11,3480.74,100
1082,09:31:08,3482.0,100
1083,09:31:08,3482.0,100
1084,09:31:08,3482.0,125
1085,09:31:04,3480.21,100
1086,09:31:04,3479.65,100
1087,09:31:04,3479.59,100
1088,09:31:04,3478.69,100
1089,09:31:04,3478.69,100
1090,09:31:04,3478.69,100
1091,09:31:04,3478.5,100
1092,09:31:04,3478.5,100
1093,09:31:04,3478.5,100
1094,09:31:02,3477.01,100
1095,09:31:02,3478.24,100
1096,09:30:59,3477.505,100
1097,09:30:54,3476.19,182
1098,09:30:53,3477.8,100
1099,09:30:52,3478.65,100
1100,09:30:52,3478.8,100
1101,09:30:52,3478.66,100
1102,09:30:52,3478.93,100
1103,09:30:52,3479.0,100
1104,09:30:52,3479.0,279
1105,09:30:50,3478.01,100
1106,09:30:49,3478.891,100
1107,09:30:44,3477.965,100
1108,09:30:42,3478.585,100
1109,09:30:39,3477.81,100
1110,09:30:34,3478.64,100
1111,09:30:30,3477.345,100
1112,09:30:30,3475.81,100
1113,09:30:30,3479.0,100
1114,09:30:30,3479.43,100
1115,09:30:28,3480.255,100
1116,09:30:28,3480.24,100
1117,09:30:27,3480.32,100
1118,09:30:27,3480.42,100
1119,09:30:27,3480.26,100
1120,09:30:27,3480.19,100
1121,09:30:27,3480.18,100
1122,09:30:27,3480.18,100
1123,09:30:27,3480.18,100
1124,09:30:26,3481.0,100
1125,09:30:26,3480.0,100
1126,09:30:26,3479.95,100
1127,09:30:26,3480.0,173
1128,09:30:26,3480.0,100
1129,09:30:26,3480.0,299
1130,09:30:26,3480.0,121
1131,09:30:26,3480.0,109
1132,09:30:26,3479.95,100
1133,09:30:26,3478.56,100
1134,09:30:26,3478.56,100
1135,09:30:26,3478.52,100
1136,09:30:26,3478.55,200
1137,09:30:26,3478.55,100
1138,09:30:26,3478.55,190
1139,09:30:26,3478.0,100
1140,09:30:26,3477.48,100
1141,09:30:25,3477.3,100
1142,09:30:19,3475.63,100
1143,09:30:19,3478.55,200
1144,09:30:17,3475.17,100
1145,09:30:16,3475.822,100
1146,09:30:16,3475.839,100
1147,09:30:16,3475.82,100
1148,09:30:16,3475.6,100
1149,09:30:16,3475.69,100
1150,09:30:16,3475.6,100
1151,09:30:14,3475.01,100
1152,09:30:14,3475.01,100
1153,09:30:14,3475.01,100
1154,09:30:14,3475.1,100
1155,09:30:14,3475.84,100
1156,09:30:14,3475.84,100
1157,09:30:13,3475.8,100
1158,09:30:13,3475.07,100
1159,09:30:12,3473.78,100
1160,09:30:12,3473.1,108
1161,09:30:11,3473.78,100
1162,09:30:11,3473.77,100
1163,09:30:11,3473.78,100
1164,09:30:11,3473.9856,135
1165,09:30:10,3476.77,122
1166,09:30:10,3474.94,100
1167,09:30:10,3475.0,100
1168,09:30:10,3475.0,140
1169,09:30:10,3475.0,100
1170,09:30:10,3475.0,100
1171,09:30:10,3476.19,100
1172,09:30:10,3476.0,200
1173,09:30:09,3476.22,100
1174,09:30:09,3476.13,100
1175,09:30:09,3476.3,181
1176,09:30:09,3476.29,100
1177,09:30:08,3478.5399,100
1178,09:30:08,3477.36,110
1179,09:30:05,3476.18,111
1180,09:30:04,3476.29,100
1181,09:30:03,3476.44,100
1182,09:30:02,3476.42,2
1183,09:30:02,3476.42,1
1184,09:30:02,3476.42,3
1185,09:30:02,3476.42,3
1186,09:30:02,3476.42,1
1187,09:30:02,3476.42,2
1188,09:30:02,3476.42,1
1189,09:30:02,3476.42,1
1190,09:30:02,3476.42,50
1191,09:30:02,3476.42,1
1192,09:30:02,3476.42,4
1193,09:30:02,3476.42,1
1194,09:30:02,3476.42,9
1195,09:30:02,3476.42,6
1196,09:30:02,3476.42,34
1197,09:30:02,3476.42,10
1198,09:30:02,3476.42,1
1199,09:30:02,3476.42,1
1200,09:30:02,3476.42,1
1201,09:30:02,3476.42,1
1202,09:30:02,3476.42,30
1203,09:30:02,3476.42,13
1204,09:30:02,3476.42,1
1205,09:30:02,3476.42,1
1206,09:30:02,3476.42,1
1207,09:30:02,3476.42,1
1208,09:30:02,3476.42,1
1209,09:30:02,3476.42,33
1210,09:30:02,3476.42,1
1211,09:30:02,3476.42,2
1212,09:30:02,3476.42,1
1213,09:30:02,3476.42,4
1214,09:30:02,3476.42,7
1215,09:30:02,3476.42,9
1216,09:30:02,3476.42,2
1217,09:30:02,3476.42,30
1218,09:30:02,3476.42,2
1219,09:30:02,3476.42,10
1220,09:30:02,3476.42,3
1221,09:30:02,3476.42,1
1222,09:30:02,3476.42,10
1223,09:30:02,3476.42,1
1224,09:30:02,3476.42,1
1225,09:30:02,3476.42,3
1226,09:30:02,3476.42,1
1227,09:30:02,3476.42,3
1228,09:30:02,3476.42,1
1229,09:30:02,3476.42,1
1230,09:30:02,3476.42,3
1231,09:30:02,3476.42,1
1232,09:30:02,3476.42,2
1233,09:30:02,3476.42,3
1234,09:30:02,3476.42,1
1235,09:30:02,3476.42,1
1236,09:30:02,3476.42,1
1237,09:30:02,3476.42,5
1238,09:30:02,3476.42,2
1239,09:30:02,3476.42,3
1240,09:30:02,3476.42,33
1241,09:30:02,3476.42,1
1242,09:30:02,3476.42,2
1243,09:30:02,3476.42,2
1244,09:30:02,3476.42,10
1245,09:30:02,3476.42,5
1246,09:30:02,3476.42,4
1247,09:30:02,3476.42,1
1248,09:30:02,3476.42,5
1249,09:30:02,3476.42,7
1250,09:30:02,3476.42,2
1251,09:30:02,3476.42,3
1252,09:30:02,3476.42,3
1253,09:30:02,3476.42,3
1254,09:30:02,3476.42,2
1255,09:30:02,3476.42,3
1256,09:30:02,3476.42,10
1257,09:30:02,3476.42,18
1258,09:30:02,3476.42,4
1259,09:30:02,3476.42,5
1260,09:30:02,3476.42,1
1261,09:30:02,3476.42,1
1262,09:30:02,3476.42,9
1263,09:30:02,3476.42,11
1264,09:30:02,3476.42,1
1265,09:30:02,3476.42,6
1266,09:30:02,3476.42,7
1267,09:30:02,3476.42,2
1268,09:30:02,3476.42,2
1269,09:30:02,3476.42,5
1270,09:30:02,3476.42,50
1271,09:30:02,3476.42,23
1272,09:30:02,3476.42,10
1273,09:30:02,3476.42,50
1274,09:30:02,3476.42,1
1275,09:30:02,3476.42,1
1276,09:30:02,3476.42,1
1277,09:30:02,3476.42,3
1278,09:30:02,3476.42,1
1279,09:30:02,3476.42,4
1280,09:30:02,3476.42,8
1281,09:30:02,3476.42,1
1282,09:30:02,3476.42,1
1283,09:30:02,3476.42,1
1284,09:30:02,3476.42,1
1285,09:30:02,3476.42,3
1286,09:30:02,3476.42,2
1287,09:30:02,3476.42,2
1288,09:30:02,3476.42,25
1289,09:30:02,3476.42,58
1290,09:30:02,3476.42,2
1291,09:30:02,3476.42,2
1292,09:30:02,3476.42,1
1293,09:30:02,3476.42,10
1294,09:30:02,3476.42,2
1295,09:30:02,3476.42,1142
1296,09:30:02,3476.42,3
1297,09:30:02,3476.42,40
1298,09:30:02,3476.42,35
1299,09:30:02,3476.42,3
1300,09:30:02,3476.42,4
1301,09:30:02,3476.42,1
1302,09:30:02,3476.42,1
1303,09:30:02,3476.42,100
1304,09:30:02,3476.42,2
1305,09:30:02,3476.42,1
1306,09:30:02,3476.42,2
1307,09:30:02,3476.42,1
1308,09:30:02,3476.42,1
1309,09:30:02,3476.42,4
1310,09:30:02,3476.42,1
1311,09:30:02,3476.42,2
1312,09:30:02,3476.42,5
1313,09:30:02,3476.42,5
1314,09:30:02,3476.42,5
1315,09:30:02,3476.42,1
1316,09:30:02,3476.42,2
1317,09:30:02,3476.42,12
1318,09:30:02,3476.42,2
1319,09:30:02,3476.42,1
1320,09:30:02,3476.42,1
1321,09:30:02,3476.42,1
1322,09:30:02,3476.42,1
1323,09:30:02,3476.42,2
1324,09:30:02,3476.42,1
1325,09:30:02,3476.42,2
1326,09:30:02,3476.42,20
1327,09:30:02,3476.42,6
1328,09:30:02,3476.42,17
1329,09:30:02,3476.42,1
1330,09:30:02,3476.42,1
1331,09:30:02,3476.42,2
1332,09:30:02,3476.42,1
1333,09:30:02,3476.42,1
1334,09:30:02,3476.42,3
1335,09:30:02,3476.42,2
1336,09:30:02,3476.42,5
1337,09:30:02,3476.42,1
1338,09:30:02,3476.42,2
1339,09:30:02,3476.42,1
1340,09:30:02,3476.42,1
1341,09:30:02,3476.42,1
1342,09:30:02,3476.42,3
1343,09:30:02,3476.42,1
1344,09:30:02,3476.42,1
1345,09:30:02,3476.42,3
1346,09:30:02,3476.42,2
1347,09:30:02,3476.42,2
1348,09:30:02,3476.42,30
1349,09:30:02,3476.42,2
1350,09:30:02,3476.42,3
1351,09:30:02,3476.42,3
1352,09:30:02,3476.42,2
1353,09:30:02,3476.42,1
1354,09:30:02,3476.42,1
1355,09:30:02,3476.42,1
1356,09:30:02,3476.42,1
1357,09:30:02,3476.42,2
1358,09:30:02,3476.42,1
1359,09:30:02,3476.42,1
1360,09:30:02,3476.42,1
1361,09:30:02,3476.42,4
1362,09:30:02,3476.42,45
1363,09:30:02,3476.42,14
1364,09:30:02,3476.42,3
1365,09:30:02,3476.42,3
1366,09:30:02,3476.42,1
1367,09:30:02,3476.42,11
1368,09:30:02,3476.42,1
1369,09:30:02,3476.42,1
1370,09:30:02,3476.42,60
1371,09:30:02,3476.42,2
1372,09:30:02,3476.42,1
1373,09:30:02,3476.42,5
1374,09:30:02,3476.42,106
1375,09:30:02,3476.42,9
1376,09:30:02,3476.42,7
1377,09:30:02,3476.42,1
1378,09:30:02,3476.42,4
1379,09:30:02,3476.42,2
1380,09:30:02,3476.42,10
1381,09:30:02,3476.42,2
1382,09:30:02,3476.42,1
1383,09:30:02,3476.42,11
1384,09:30:02,3476.42,161
1385,09:30:02,3476.42,1
1386,09:30:02,3476.42,3
1387,09:30:02,3476.42,3
1388,09:30:02,3476.42,2
1389,09:30:02,3476.42,1
1390,09:30:02,3476.42,4
1391,09:30:02,3476.42,8
1392,09:30:02,3476.42,1
1393,09:30:02,3476.42,3
1394,09:30:02,3476.42,4
1395,09:30:02,3476.42,10
1396,09:30:02,3476.42,30
1397,09:30:02,3476.42,180
1398,09:30:02,3476.42,1
1399,09:30:02,3476.42,65
1400,09:30:02,3476.42,40
1401,09:30:02,3476.42,164
1402,09:30:02,3476.42,2
1403,09:30:02,3476.42,2
1404,09:30:02,3476.42,9
1405,09:30:02,3476.42,1
1406,09:30:02,3476.42,4
1407,09:30:02,3476.42,1
1408,09:30:02,3476.42,2
1409,09:30:02,3476.42,1
1410,09:30:02,3476.42,2
1411,09:30:02,3476.42,2
1412,09:30:02,3476.42,1
1413,09:30:02,3476.42,5
1414,09:30:02,3476.42,1
1415,09:30:02,3476.42,3
1416,09:30:02,3476.42,3
1417,09:30:02,3476.42,2
1418,09:30:02,3476.42,1
1419,09:30:02,3476.42,2
1420,09:30:02,3476.42,2
1421,09:30:02,3476.42,1
1422,09:30:02,3476.42,63
1423,09:30:02,3476.42,1
1424,09:30:02,3476.42,3
1425,09:30:02,3476.42,2
1426,09:30:02,3476.42,1
1427,09:30:02,3476.42,2
1428,09:30:02,3476.42,1
1429,09:30:02,3476.42,2
1430,09:30:02,3476.42,2
1431,09:30:02,3476.42,18
1432,09:30:02,3476.42,1
1433,09:30:02,3476.42,30
1434,09:30:02,3476.42,1
1435,09:30:02,3476.42,1
1436,09:30:02,3476.42,3
1437,09:30:02,3476.42,1
1438,09:30:02,3476.42,28
1439,09:30:02,3476.42,10
1440,09:30:02,3476.42,1
1441,09:30:02,3476.42,1
1442,09:30:02,3476.42,5
1443,09:30:02,3476.42,3
1444,09:30:02,3476.42,10
1445,09:30:02,3476.42,2
1446,09:30:02,3476.42,2
1447,09:30:02,3476.42,1
1448,09:30:02,3476.42,1
1449,09:30:02,3476.42,6
1450,09:30:02,3476.42,7
1451,09:30:02,3476.42,2
1452,09:30:02,3476.42,1
1453,09:30:02,3476.42,1
1454,09:30:02,3476.42,1
1455,09:30:02,3476.42,1
1456,09:30:02,3476.42,1
1457,09:30:02,3476.42,2
1458,09:30:02,3476.42,1
1459,09:30:02,3476.42,1
1460,09:30:02,3476.42,1
1461,09:30:02,3476.42,22
1462,09:30:02,3476.42,3
1463,09:30:02,3476.42,2
1464,09:30:02,3476.42,200
1465,09:30:02,3476.42,10
1466,09:30:02,3476.42,2
1467,09:30:02,3476.42,1
1468,09:30:02,3476.42,5
1469,09:30:02,3476.42,10
1470,09:30:02,3476.42,1
1471,09:30:02,3476.42,3
1472,09:30:02,3476.42,2
1473,09:30:02,3476.42,1
1474,09:30:02,3476.42,2
1475,09:30:02,3476.42,10
1476,09:30:02,3476.42,1
1477,09:30:02,3476.42,1
1478,09:30:02,3476.42,1
1479,09:30:02,3476.42,3
1480,09:30:02,3476.42,10
1481,09:30:02,3476.42,1
1482,09:30:02,3476.42,2
1483,09:30:02,3476.42,4
1484,09:30:02,3476.42,100
1485,09:30:02,3476.42,13
1486,09:30:02,3476.42,2
1487,09:30:02,3476.42,5
1488,09:30:02,3476.42,3
1489,09:30:02,3476.42,1
1490,09:30:02,3476.42,1
1491,09:30:02,3476.42,2
1492,09:30:02,3476.42,125
1493,09:30:02,3476.42,10
1494,09:30:02,3476.42,1
1495,09:30:02,3476.42,8
1496,09:30:02,3476.42,200
1497,09:30:02,3476.42,2000
1498,09:30:02,3476.42,1
1499,09:30:02,3476.42,4
1500,09:30:02,3476.42,1
1501,09:30:02,3476.42,58
1502,09:30:02,3476.42,1
1503,09:30:02,3476.42,5
1504,09:30:02,3476.42,5
1505,09:30:02,3476.42,10
1506,09:30:02,3476.42,1
1507,09:30:02,3476.42,1
1508,09:30:02,3476.42,1
1509,09:30:02,3476.42,2
1510,09:30:02,3476.42,20
1511,09:30:02,3476.42,6
1512,09:30:02,3476.42,23
1513,09:30:02,3476.42,1
1514,09:30:02,3476.42,3
1515,09:30:02,3476.42,155
1516,09:30:02,3476.42,5
1517,09:30:02,3476.42,5
1518,09:30:02,3476.42,5
1519,09:30:02,3476.42,1
1520,09:30:02,3476.42,11
1521,09:30:02,3476.42,1
1522,09:30:02,3476.42,12
1523,09:30:02,3476.42,2
1524,09:30:02,3476.42,3
1525,09:30:02,3476.42,1
1526,09:30:02,3476.42,2
1527,09:30:02,3476.42,13
1528,09:30:02,3476.42,15
1529,09:30:02,3476.42,21
1530,09:30:02,3476.42,10
1531,09:30:02,3476.42,3
1532,09:30:02,3476.42,2
1533,09:30:02,3476.42,1
1534,09:30:02,3476.42,30
1535,09:30:02,3476.42,10
1536,09:30:02,3476.42,1
1537,09:30:02,3476.42,5
1538,09:30:02,3476.42,1
1539,09:30:02,3476.42,1
1540,09:30:02,3476.42,5
1541,09:30:02,3476.42,14
1542,09:30:02,3476.42,1
1543,09:30:02,3476.42,75
1544,09:30:02,3476.42,5
1545,09:30:02,3476.42,1
1546,09:30:02,3476.42,1
1547,09:30:02,3476.42,1
1548,09:30:02,3476.42,10
1549,09:30:02,3476.42,1
1550,09:30:02,3476.42,75
1551,09:30:02,3476.42,5
1552,09:30:02,3476.42,1
1553,09:30:02,3476.42,1
1554,09:30:02,3476.42,2
1555,09:30:02,3476.42,10
1556,09:30:02,3476.42,5
1557,09:30:02,3476.42,1
1558,09:30:02,3476.42,20
1559,09:30:02,3476.42,1
1560,09:30:02,3476.42,5
1561,09:30:02,3476.42,2
1562,09:30:02,3476.42,6
1563,09:30:02,3476.42,2
1564,09:30:02,3476.42,2
1565,09:30:02,3476.42,1
1566,09:30:02,3476.42,11
1567,09:30:02,3476.42,4
1568,09:30:02,3476.42,2
1569,09:30:02,3476.42,1
1570,09:30:02,3476.42,5
1571,09:30:02,3476.42,4
1572,09:30:02,3476.42,6
1573,09:30:02,3476.42,30
1574,09:30:02,3476.42,10
1575,09:30:02,3476.42,1
1576,09:30:02,3476.42,4
1577,09:30:02,3476.42,2
1578,09:30:02,3476.42,1
1579,09:30:02,3476.42,2
1580,09:30:02,3476.42,2
1581,09:30:02,3476.42,1
1582,09:30:02,3476.42,1
1583,09:30:02,3476.42,3
1584,09:30:02,3476.42,2
1585,09:30:02,3476.42,1
1586,09:30:02,3476.42,47
1587,09:30:02,3476.42,30
1588,09:30:02,3476.42,1
1589,09:30:02,3476.42,1
1590,09:30:02,3476.42,1
1591,09:30:02,3476.42,1
1592,09:30:02,3476.42,2
1593,09:30:02,3476.42,2
1594,09:30:02,3476.42,2
1595,09:30:02,3476.42,1
1596,09:30:02,3476.42,2
1597,09:30:02,3476.42,1
1598,09:30:02,3476.42,1
1599,09:30:02,3476.42,45
1600,09:30:02,3476.42,22
1601,09:30:02,3476.42,1
1602,09:30:02,3476.42,2
1603,09:30:02,3476.42,5
1604,09:30:02,3476.42,1
1605,09:30:02,3476.42,1
1606,09:30:02,3476.42,1
1607,09:30:02,3476.42,4
1608,09:30:02,3476.42,4
1609,09:30:02,3476.42,1
1610,09:30:02,3476.42,2
1611,09:30:02,3476.42,1
1612,09:30:02,3476.42,1
1613,09:30:02,3476.42,1
1614,09:30:02,3476.42,3
1615,09:30:02,3476.42,5
1616,09:30:02,3476.42,1
1617,09:30:02,3476.42,9
1618,09:30:02,3476.42,4
1619,09:30:02,3476.42,2
1620,09:30:02,3476.42,1
1621,09:30:02,3476.42,1
1622,09:30:02,3476.42,1
1623,09:30:02,3476.42,5
1624,09:30:02,3476.42,1
1625,09:30:02,3476.42,2
1626,09:30:02,3476.42,2
1627,09:30:02,3476.42,19
1628,09:30:02,3476.42,1
1629,09:30:02,3476.42,1
1630,09:30:02,3476.42,1
1631,09:30:02,3476.42,1
1632,09:30:02,3476.42,2
1633,09:30:02,3476.42,1
1634,09:30:02,3476.42,1
1635,09:30:02,3476.42,1
1636,09:30:02,3476.42,30
1637,09:30:02,3476.42,3
1638,09:30:02,3476.42,1
1639,09:30:02,3476.42,2
1640,09:30:02,3476.42,1
1641,09:30:02,3476.42,2
1642,09:30:02,3476.42,2
1643,09:30:02,3476.42,8
1644,09:30:02,3476.42,2
1645,09:30:02,3476.42,15
1646,09:30:02,3476.42,3
1647,09:30:02,3476.42,1
1648,09:30:02,3476.42,2
1649,09:30:02,3476.42,1
1650,09:30:02,3476.42,5
1651,09:30:02,3476.42,1
1652,09:30:02,3476.42,1
1653,09:30:02,3476.42,2
1654,09:30:02,3476.42,6
1655,09:30:02,3476.42,1
1656,09:30:02,3476.42,1
1657,09:30:02,3476.42,1
1658,09:30:02,3476.42,2
1659,09:30:02,3476.42,1
1660,09:30:02,3476.42,3
1661,09:30:02,3476.42,3
1662,09:30:02,3476.42,1
1663,09:30:02,3476.42,5
1664,09:30:02,3476.42,3
1665,09:30:02,3476.42,1
1666,09:30:02,3476.42,10
1667,09:30:02,3476.42,1
1668,09:30:02,3476.42,50
1669,09:30:02,3476.42,26
1670,09:30:02,3476.42,4
1671,09:30:02,3476.42,6
1672,09:30:02,3476.42,50
1673,09:30:02,3476.42,4
1674,09:30:02,3476.42,2
1675,09:30:02,3476.42,7
1676,09:30:02,3476.42,2
1677,09:30:02,3476.42,5
1678,09:30:02,3476.42,3
1679,09:30:02,3476.42,5
1680,09:30:02,3476.42,2
1681,09:30:02,3476.42,2
1682,09:30:02,3476.42,1
1683,09:30:02,3476.42,1
1684,09:30:02,3476.42,6
1685,09:30:02,3476.42,2
1686,09:30:02,3476.42,4
1687,09:30:02,3476.42,1
1688,09:30:02,3476.42,1
1689,09:30:02,3476.42,1
1690,09:30:02,3476.42,2
1691,09:30:02,3476.42,1
1692,09:30:02,3476.42,1
1693,09:30:02,3476.42,5
1694,09:30:02,3476.42,3
1695,09:30:02,3476.42,1
1696,09:30:02,3476.42,1
1697,09:30:02,3476.42,2
1698,09:30:02,3476.42,2
1699,09:30:02,3476.42,1
1700,09:30:02,3476.42,2
1701,09:30:02,3476.42,2
1702,09:30:02,3476.42,2
1703,09:30:02,3476.42,2
1704,09:30:02,3476.42,2
1705,09:30:02,3476.42,5
1706,09:30:02,3476.42,3
1707,09:30:02,3476.42,1
1708,09:30:02,3476.42,15
1709,09:30:02,3476.42,25
1710,09:30:02,3476.42,2
1711,09:30:02,3476.42,5
1712,09:30:02,3476.42,3
1713,09:30:02,3476.42,12
1714,09:30:02,3476.42,2
1715,09:30:02,3476.42,5
1716,09:30:02,3476.42,2
1717,09:30:02,3476.42,1
1718,09:30:02,3476.42,30
1719,09:30:02,3476.42,4
1720,09:30:02,3476.42,1
1721,09:30:02,3476.42,1
1722,09:30:02,3476.42,1
1723,09:30:02,3476.42,1
1724,09:30:02,3476.42,10
1725,09:30:02,3476.42,8
1726,09:30:02,3476.42,1
1727,09:30:02,3476.42,1
1728,09:30:02,3476.42,2
1729,09:30:02,3476.42,3
1730,09:30:02,3476.42,8
1731,09:30:02,3476.42,3
1732,09:30:02,3476.42,10
1733,09:30:02,3476.42,10
1734,09:30:02,3476.42,4
1735,09:30:02,3476.42,2
1736,09:30:02,3476.42,2
1737,09:30:02,3476.42,1
1738,09:30:02,3476.42,1
1739,09:30:02,3476.42,2
1740,09:30:02,3476.42,5
1741,09:30:02,3476.42,2
1742,09:30:02,3476.42,2
1743,09:30:02,3476.42,2
1744,09:30:02,3476.42,3
1745,09:30:02,3476.42,7
1746,09:30:02,3476.42,1
1747,09:30:02,3476.42,1
1748,09:30:02,3476.42,4
1749,09:30:02,3476.42,2
1750,09:30:02,3476.42,1
1751,09:30:02,3476.42,1
1752,09:30:02,3476.42,4
1753,09:30:02,3476.42,10
1754,09:30:02,3476.42,3
1755,09:30:02,3476.42,1
1756,09:30:02,3476.42,3
1757,09:30:02,3476.42,10
1758,09:30:02,3476.42,3
1759,09:30:02,3476.42,4
1760,09:30:02,3476.42,1
1761,09:30:02,3476.42,10
1762,09:30:02,3476.42,1
1763,09:30:02,3476.42,1
1764,09:30:02,3476.42,5
1765,09:30:02,3476.42,1
1766,09:30:02,3476.42,13
1767,09:30:02,3476.42,1
1768,09:30:02,3476.42,25
1769,09:30:02,3476.42,2
1770,09:30:02,3476.42,25
1771,09:30:02,3476.42,6
1772,09:30:02,3476.42,1
1773,09:30:02,3476.42,1
1774,09:30:02,3476.42,3
1775,09:30:02,3476.42,3
1776,09:30:02,3476.42,1
1777,09:30:02,3476.42,1
1778,09:30:02,3476.42,15
1779,09:30:02,3476.42,5
1780,09:30:02,3476.42,2
1781,09:30:02,3476.42,17
1782,09:30:02,3476.42,1
1783,09:30:02,3476.42,4
1784,09:30:02,3476.42,1
1785,09:30:02,3476.42,3
1786,09:30:02,3476.42,10
1787,09:30:02,3476.42,1
1788,09:30:02,3476.42,1
1789,09:30:02,3476.42,10
1790,09:30:02,3476.42,5
1791,09:30:02,3476.42,1
1792,09:30:02,3476.42,3
1793,09:30:02,3476.42,3
1794,09:30:02,3476.42,4
1795,09:30:02,3476.42,2
1796,09:30:02,3476.42,1
1797,09:30:02,3476.42,4
1798,09:30:02,3476.42,2
1799,09:30:02,3476.42,3
1800,09:30:02,3476.42,5
1801,09:30:02,3476.42,33
1802,09:30:02,3476.42,3
1803,09:30:02,3476.42,2
1804,09:30:02,3476.42,6
1805,09:30:02,3476.42,1
1806,09:30:02,3476.42,7
1807,09:30:02,3476.42,1
1808,09:30:02,3476.42,5
1809,09:30:02,3476.42,1
1810,09:30:02,3476.42,2
1811,09:30:02,3476.42,8
1812,09:30:02,3476.42,1
1813,09:30:02,3476.42,10
1814,09:30:02,3476.42,1
1815,09:30:02,3476.42,3
1816,09:30:02,3476.42,8
1817,09:30:02,3476.42,1
1818,09:30:02,3476.42,10
1819,09:30:02,3476.42,3
1820,09:30:02,3476.42,1
1821,09:30:02,3476.42,1
1822,09:30:02,3476.42,1
1823,09:30:02,3476.42,3
1824,09:30:02,3476.42,4
1825,09:30:02,3476.42,5
1826,09:30:02,3476.42,14
1827,09:30:02,3476.42,1
1828,09:30:02,3476.42,1
1829,09:30:02,3476.42,1
1830,09:30:02,3476.42,1
1831,09:30:02,3476.42,2
1832,09:30:02,3476.42,3
1833,09:30:02,3476.42,1
1834,09:30:02,3476.42,2
1835,09:30:02,3476.42,1
1836,09:30:02,3476.42,10
1837,09:30:02,3476.42,1
1838,09:30:02,3476.42,5
1839,09:30:02,3476.42,1
1840,09:30:02,3476.42,1
1841,09:30:02,3476.42,12
1842,09:30:02,3476.42,1
1843,09:30:02,3476.42,3
1844,09:30:02,3476.42,7
1845,09:30:02,3476.42,10
1846,09:30:02,3476.42,2
1847,09:30:02,3476.42,2
1848,09:30:02,3476.42,5
1849,09:30:02,3476.42,2
1850,09:30:02,3476.42,2
1851,09:30:02,3476.42,1
1852,09:30:02,3476.42,1
1853,09:30:02,3476.42,3
1854,09:30:02,3476.42,1
1855,09:30:02,3476.42,1
1856,09:30:02,3476.42,5
1857,09:30:02,3476.42,6
1858,09:30:02,3476.42,10
1859,09:30:02,3476.42,10
1860,09:30:02,3476.42,10
1861,09:30:02,3476.42,11
1862,09:30:02,3476.42,1
1863,09:30:02,3476.42,18
1864,09:30:02,3476.42,1
1865,09:30:02,3476.42,5
1866,09:30:02,3476.42,2
1867,09:30:02,3476.42,1
1868,09:30:02,3476.42,1
1869,09:30:02,3476.42,2
1870,09:30:02,3476.42,1
1871,09:30:02,3476.42,1
1872,09:30:02,3476.42,2
1873,09:30:02,3476.42,1
1874,09:30:02,3476.42,1
1875,09:30:02,3476.42,2
1876,09:30:02,3476.42,1
1877,09:30:02,3476.42,1
1878,09:30:02,3476.42,1
1879,09:30:02,3476.42,6
1880,09:30:02,3476.42,2
1881,09:30:02,3476.42,3
1882,09:30:02,3476.42,3
1883,09:30:02,3476.42,12
1884,09:30:02,3476.42,6
1885,09:30:02,3476.42,2
1886,09:30:02,3476.42,1
1887,09:30:02,3476.42,1
1888,09:30:02,3476.42,1
1889,09:30:02,3476.42,11
1890,09:30:02,3476.42,3
1891,09:30:02,3476.42,2
1892,09:30:02,3476.42,2
1893,09:30:02,3476.42,3
1894,09:30:02,3476.42,6
1895,09:30:02,3476.42,1
1896,09:30:02,3476.42,5
1897,09:30:02,3476.42,1
1898,09:30:02,3476.42,1
1899,09:30:02,3476.42,5
1900,09:30:02,3476.42,1
1901,09:30:02,3476.42,2
1902,09:30:02,3476.42,10
1903,09:30:02,3476.42,10
1904,09:30:02,3476.42,1
1905,09:30:02,3476.42,25
1906,09:30:02,3476.42,16
1907,09:30:02,3476.42,20
1908,09:30:02,3476.42,50
1909,09:30:02,3476.42,1
1910,09:30:02,3476.42,3
1911,09:30:02,3476.42,1
1912,09:30:02,3476.42,10
1913,09:30:02,3476.42,1
1914,09:30:02,3476.42,1
1915,09:30:02,3476.42,9
1916,09:30:02,3476.42,21
1917,09:30:02,3476.42,3
1918,09:30:02,3476.42,16
1919,09:30:02,3476.42,18
1920,09:30:02,3476.42,1
1921,09:30:02,3476.42,1
1922,09:30:02,3476.42,1
1923,09:30:02,3476.42,1
1924,09:30:02,3476.42,2
1925,09:30:02,3476.42,1
1926,09:30:02,3476.42,2
1927,09:30:02,3476.42,2
1928,09:30:02,3476.42,2
1929,09:30:02,3476.42,1
1930,09:30:02,3476.42,2
1931,09:30:02,3476.42,2
1932,09:30:02,3476.42,1
1933,09:30:02,3476.42,20
1934,09:30:02,3476.42,1
1935,09:30:02,3476.42,1
1936,09:30:02,3476.42,1
1937,09:30:02,3476.42,1
1938,09:30:02,3476.42,15
1939,09:30:02,3476.42,1
1940,09:30:02,3476.42,6
1941,09:30:02,3476.42,3
1942,09:30:02,3476.42,3
1943,09:30:02,3476.42,10
1944,09:30:02,3476.42,1
1945,09:30:02,3476.42,1
1946,09:30:02,3476.42,1
1947,09:30:02,3476.42,5
1948,09:30:02,3476.42,50
1949,09:30:02,3476.42,10
1950,09:30:02,3476.42,1
1951,09:30:02,3476.42,12
1952,09:30:02,3476.42,1
1953,09:30:02,3476.42,1
1954,09:30:02,3476.42,6
1955,09:30:02,3476.42,1
1956,09:30:02,3476.42,1
1957,09:30:02,3476.42,5
1958,09:30:02,3476.42,1
1959,09:30:02,3476.42,1
1960,09:30:02,3476.42,1
1961,09:30:02,3476.42,2
1962,09:30:02,3476.42,2
1963,09:30:02,3476.42,1
1964,09:30:02,3476.42,2
1965,09:30:02,3476.42,3
1966,09:30:02,3476.42,1
1967,09:30:02,3476.42,1
1968,09:30:02,3476.42,1
1969,09:30:02,3476.42,1
1970,09:30:02,3476.42,10
1971,09:30:02,3476.42,1
1972,09:30:02,3476.42,25
1973,09:30:02,3476.42,1
1974,09:30:02,3476.42,50
1975,09:30:02,3476.42,1
1976,09:30:02,3476.42,2
1977,09:30:02,3476.42,1
1978,09:30:02,3476.42,3
1979,09:30:02,3476.42,1
1980,09:30:02,3476.42,2
1981,09:30:02,3476.42,5
1982,09:30:02,3476.42,2
1983,09:30:02,3476.42,2
1984,09:30:02,3476.42,2
1985,09:30:02,3476.42,5
1986,09:30:02,3476.42,10
1987,09:30:02,3476.42,2
1988,09:30:02,3476.42,4
1989,09:30:02,3476.42,2
1990,09:30:02,3476.42,1
1991,09:30:02,3476.42,9
1992,09:30:02,3476.42,5
1993,09:30:02,3476.42,2
1994,09:30:02,3476.42,4
1995,09:30:02,3476.42,2
1996,09:30:02,3476.42,5
1997,09:30:02,3476.42,3
1998,09:30:02,3476.42,4
1999,09:30:02,3476.42,1
2000,09:30:02,3476.42,1
2001,09:30:02,3476.42,1
2002,09:30:02,3476.42,1
2003,09:30:02,3476.42,1
2004,09:30:02,3476.42,20
2005,09:30:02,3476.42,57
2006,09:30:02,3476.42,10
2007,09:30:02,3476.42,1
2008,09:30:02,3476.42,1
2009,09:30:02,3476.42,1
2010,09:30:02,3476.42,1
2011,09:30:02,3476.42,1
2012,09:30:02,3476.42,2
2013,09:30:02,3476.42,1
2014,09:30:02,3476.42,1
2015,09:30:02,3476.42,2
2016,09:30:02,3476.42,5
2017,09:30:02,3476.42,1
2018,09:30:02,3476.42,12
2019,09:30:02,3476.42,1
2020,09:30:02,3476.42,1
2021,09:30:02,3476.42,7
2022,09:30:02,3476.42,1
2023,09:30:02,3476.42,2
2024,09:30:02,3476.42,1
2025,09:30:02,3476.42,1
2026,09:30:02,3476.42,7
2027,09:30:02,3476.42,9
2028,09:30:02,3476.42,3
2029,09:30:02,3476.42,1
2030,09:30:02,3476.42,1
2031,09:30:02,3476.42,1
2032,09:30:02,3476.42,1
2033,09:30:02,3476.42,4
2034,09:30:02,3476.42,1
2035,09:30:02,3476.42,6
2036,09:30:02,3476.42,3
2037,09:30:02,3476.42,2
2038,09:30:02,3476.42,15
2039,09:30:02,3476.42,2
2040,09:30:02,3476.42,1
2041,09:30:02,3476.42,1
2042,09:30:02,3476.42,3
2043,09:30:02,3476.42,20
2044,09:30:02,3476.42,1
2045,09:30:02,3476.42,6
2046,09:30:02,3476.42,2
2047,09:30:02,3476.42,10
2048,09:30:02,3476.42,2
2049,09:30:02,3476.42,4
2050,09:30:02,3476.42,5
2051,09:30:02,3476.42,1
2052,09:30:02,3476.42,10
2053,09:30:02,3476.42,1
2054,09:30:02,3476.42,5
2055,09:30:02,3476.42,1
2056,09:30:02,3476.42,5
2057,09:30:02,3476.42,1
2058,09:30:02,3476.42,3
2059,09:30:02,3476.42,3
2060,09:30:02,3476.42,3
2061,09:30:02,3476.42,1
2062,09:30:02,3476.42,5
2063,09:30:02,3476.42,3
2064,09:30:02,3476.42,1
2065,09:30:02,3476.42,1
2066,09:30:02,3476.42,3
2067,09:30:02,3476.42,5
2068,09:30:02,3476.42,1
2069,09:30:02,3476.42,1
2070,09:30:02,3476.42,1
2071,09:30:02,3476.42,1
2072,09:30:02,3476.42,1
2073,09:30:02,3476.42,1
2074,09:30:02,3476.42,1
2075,09:30:02,3476.42,1
2076,09:30:02,3476.42,1
2077,09:30:02,3476.42,1
2078,09:30:02,3476.42,3
2079,09:30:02,3476.42,1
2080,09:30:02,3476.42,2
2081,09:30:02,3476.42,2
2082,09:30:02,3476.42,2
2083,09:30:02,3476.42,4
2084,09:30:02,3476.42,1
2085,09:30:02,3476.42,4
2086,09:30:02,3476.42,1
2087,09:30:02,3476.42,2
2088,09:30:02,3476.42,1
2089,09:30:02,3476.42,2
2090,09:30:02,3476.42,20
2091,09:30:02,3476.42,3
2092,09:30:02,3476.42,50
2093,09:30:02,3476.42,2
2094,09:30:02,3476.42,1
2095,09:30:02,3476.42,1
2096,09:30:02,3476.42,2
2097,09:30:02,3476.42,1
2098,09:30:02,3476.42,25
2099,09:30:02,3476.42,1
2100,09:30:02,3476.42,3
2101,09:30:02,3476.42,2
2102,09:30:02,3476.42,1
2103,09:30:02,3476.42,10
2104,09:30:02,3476.42,1
2105,09:30:02,3476.42,3
2106,09:30:02,3476.42,5
2107,09:30:02,3476.42,1
2108,09:30:02,3476.42,1
2109,09:30:02,3476.42,6
2110,09:30:02,3476.42,2
2111,09:30:02,3476.42,28
2112,09:30:02,3476.42,1
2113,09:30:02,3476.42,1
2114,09:30:02,3476.42,1
2115,09:30:02,3476.42,4
2116,09:30:02,3476.42,10
2117,09:30:02,3476.42,5
2118,09:30:02,3476.42,30
2119,09:30:02,3476.42,2
2120,09:30:02,3476.42,2
2121,09:30:02,3476.42,5
2122,09:30:02,3476.42,2
2123,09:30:02,3476.42,9
2124,09:30:02,3476.42,10
2125,09:30:02,3476.42,1
2126,09:30:02,3476.42,1
2127,09:30:02,3476.42,4
2128,09:30:02,3476.42,25
2129,09:30:02,3476.42,10
2130,09:30:02,3476.42,1
2131,09:30:02,3476.42,1
2132,09:30:02,3476.42,2
2133,09:30:02,3476.42,32
2134,09:30:02,3476.42,10
2135,09:30:02,3476.42,4
2136,09:30:02,3476.42,20
2137,09:30:02,3476.42,10
2138,09:30:02,3476.42,3
2139,09:30:02,3476.42,1
2140,09:30:02,3476.42,25
2141,09:30:02,3476.42,1
2142,09:30:02,3476.42,1
2143,09:30:02,3476.42,1
2144,09:30:02,3476.42,5
2145,09:30:02,3476.42,13
2146,09:30:02,3476.42,1
2147,09:30:02,3476.42,3
2148,09:30:02,3476.42,7
2149,09:30:02,3476.42,2
2150,09:30:02,3476.42,1
2151,09:30:02,3476.42,2
2152,09:30:02,3476.42,12
2153,09:30:02,3476.42,1
2154,09:30:02,3476.42,2
2155,09:30:02,3476.42,6
2156,09:30:02,3476.42,4
2157,09:30:02,3476.42,1
2158,09:30:02,3476.42,2
2159,09:30:02,3476.42,2
2160,09:30:02,3476.42,2
2161,09:30:02,3476.42,2
2162,09:30:02,3476.42,2
2163,09:30:02,3476.42,3
2164,09:30:02,3476.42,1
2165,09:30:02,3476.42,10
2166,09:30:02,3476.42,1
2167,09:30:02,3476.42,1
2168,09:30:02,3476.42,1
2169,09:30:02,3476.42,1
2170,09:30:02,3476.42,1
2171,09:30:02,3476.42,1
2172,09:30:02,3476.42,1
2173,09:30:02,3476.42,1
2174,09:30:02,3476.42,5
2175,09:30:02,3476.42,1
2176,09:30:02,3476.42,2
2177,09:30:02,3476.42,1
2178,09:30:02,3476.42,1
2179,09:30:02,3476.42,1
2180,09:30:02,3476.42,10
2181,09:30:02,3476.42,1
2182,09:30:02,3476.42,1
2183,09:30:02,3476.42,3
2184,09:30:02,3476.42,2
2185,09:30:02,3476.42,1
2186,09:30:02,3476.42,5
2187,09:30:02,3476.42,3
2188,09:30:02,3476.42,20
2189,09:30:02,3476.42,2
2190,09:30:02,3476.42,15
2191,09:30:02,3476.42,1
2192,09:30:02,3476.42,1
2193,09:30:02,3476.42,20
2194,09:30:02,3476.42,3
2195,09:30:02,3476.42,6
2196,09:30:02,3476.42,10
2197,09:30:02,3476.42,2
2198,09:30:02,3476.42,1
2199,09:30:02,3476.42,6
2200,09:30:02,3476.42,1
2201,09:30:02,3476.42,1
2202,09:30:02,3476.42,1
2203,09:30:02,3476.42,5
2204,09:30:02,3476.42,1
2205,09:30:02,3476.42,1
2206,09:30:02,3476.42,1
2207,09:30:02,3476.42,1
2208,09:30:02,3476.42,3
2209,09:30:02,3476.42,1
2210,09:30:02,3476.42,2
2211,09:30:02,3476.42,1
2212,09:30:02,3476.42,1
2213,09:30:02,3476.42,3
2214,09:30:02,3476.42,3
2215,09:30:02,3476.42,2
2216,09:30:02,3476.42,5
2217,09:30:02,3476.42,1
2218,09:30:02,3476.42,7
2219,09:30:02,3476.42,1
2220,09:30:02,3476.42,1
2221,09:30:02,3476.42,1
2222,09:30:02,3476.42,6
2223,09:30:02,3476.42,1
2224,09:30:02,3476.42,1
2225,09:30:02,3476.42,1
2226,09:30:02,3476.42,2
2227,09:30:02,3476.42,2
2228,09:30:02,3476.42,5
2229,09:30:02,3476.42,7
2230,09:30:02,3476.42,1
2231,09:30:02,3476.42,1
2232,09:30:02,3476.42,6
2233,09:30:02,3476.42,1
2234,09:30:02,3476.42,2
2235,09:30:02,3476.42,10
2236,09:30:02,3476.42,20
2237,09:30:02,3476.42,1
2238,09:30:02,3476.42,2
2239,09:30:02,3476.42,1
2240,09:30:02,3476.42,3
2241,09:30:02,3476.42,3
2242,09:30:02,3476.42,6
2243,09:30:02,3476.42,30
2244,09:30:02,3476.42,1
2245,09:30:02,3476.42,5
2246,09:30:02,3476.42,3
2247,09:30:02,3476.42,1
2248,09:30:02,3476.42,2
2249,09:30:02,3476.42,6
2250,09:30:02,3476.42,1
2251,09:30:02,3476.42,437
2252,09:30:02,3476.42,8
2253,09:30:02,3476.42,2
2254,09:30:02,3476.42,4
2255,09:30:02,3476.42,1
2256,09:30:02,3476.42,2
2257,09:30:02,3476.42,25
2258,09:30:02,3476.42,1
2259,09:30:02,3476.42,2
2260,09:30:02,3476.42,3
2261,09:30:02,3476.42,1
2262,09:30:02,3476.42,4
2263,09:30:02,3476.42,10
2264,09:30:02,3476.42,3
2265,09:30:02,3476.42,5
2266,09:30:02,3476.42,5
2267,09:30:02,3476.42,2
2268,09:30:02,3476.42,3
2269,09:30:02,3476.42,3
2270,09:30:02,3476.42,1
2271,09:30:02,3476.42,1
2272,09:30:02,3476.42,1
2273,09:30:02,3476.42,1
2274,09:30:02,3476.42,10
2275,09:30:02,3476.42,1
2276,09:30:02,3476.42,3
2277,09:30:02,3476.42,1
2278,09:30:02,3476.42,1
2279,09:30:02,3476.42,1
2280,09:30:02,3476.42,1
2281,09:30:02,3476.42,1
2282,09:30:02,3476.42,2
2283,09:30:02,3476.42,1
2284,09:30:02,3476.42,2
2285,09:30:02,3476.42,1
2286,09:30:02,3476.42,1
2287,09:30:02,3476.42,1
2288,09:30:02,3476.42,30
2289,09:30:02,3476.42,8
2290,09:30:02,3476.42,2
2291,09:30:02,3476.42,100
2292,09:30:02,3476.42,3
2293,09:30:02,3476.42,1
2294,09:30:02,3476.42,10
2295,09:30:02,3476.42,2
2296,09:30:02,3476.42,3
2297,09:30:02,3476.42,1
2298,09:30:02,3476.42,1
2299,09:30:02,3476.42,100
2300,09:30:02,3476.42,1
2301,09:30:02,3476.42,1
2302,09:30:02,3476.42,1
2303,09:30:02,3476.42,5
2304,09:30:02,3476.42,50
2305,09:30:02,3476.42,1
2306,09:30:02,3476.42,1
2307,09:30:02,3476.42,1
2308,09:30:02,3476.42,6
2309,09:30:02,3476.42,1
2310,09:30:02,3476.42,1
2311,09:30:02,3476.42,2
2312,09:30:02,3476.42,2
2313,09:30:02,3476.42,1
2314,09:30:02,3476.42,1
2315,09:30:02,3476.42,30
2316,09:30:02,3476.42,10
2317,09:30:02,3476.42,2
2318,09:30:02,3476.42,2
2319,09:30:02,3476.42,1
2320,09:30:02,3476.42,2
2321,09:30:02,3476.42,6
2322,09:30:02,3476.42,4
2323,09:30:02,3476.42,1
2324,09:30:02,3476.42,3
2325,09:30:02,3476.42,1
2326,09:30:02,3476.42,2
2327,09:30:02,3476.42,1
2328,09:30:02,3476.42,1
2329,09:30:02,3476.42,100
2330,09:30:02,3476.42,15
2331,09:30:02,3476.42,1
2332,09:30:02,3476.42,3
2333,09:30:02,3476.42,1
2334,09:30:02,3476.42,3
2335,09:30:02,3476.42,1
2336,09:30:02,3476.42,4
2337,09:30:02,3476.42,4
2338,09:30:02,3476.42,1
2339,09:30:02,3476.42,6
2340,09:30:02,3476.42,28
2341,09:30:02,3476.42,2
2342,09:30:02,3476.42,10
2343,09:30:02,3476.42,1
2344,09:30:02,3476.42,2
2345,09:30:02,3476.42,5
2346,09:30:02,3476.42,1
2347,09:30:02,3476.42,10
2348,09:30:02,3476.42,1
2349,09:30:02,3476.42,10
2350,09:30:02,3476.42,1
2351,09:30:02,3476.42,3
2352,09:30:02,3476.42,15
2353,09:30:02,3476.42,1
2354,09:30:02,3476.42,3
2355,09:30:02,3476.42,26
2356,09:30:02,3476.42,28
2357,09:30:02,3476.42,1
2358,09:30:02,3476.42,2
2359,09:30:02,3476.42,1
2360,09:30:02,3476.42,1
2361,09:30:02,3476.42,30
2362,09:30:02,3476.42,29
2363,09:30:02,3476.42,2
2364,09:30:02,3476.42,1
2365,09:30:02,3476.42,5
2366,09:30:02,3476.42,2
2367,09:30:02,3476.42,1
2368,09:30:02,3476.42,1
2369,09:30:02,3476.42,28
2370,09:30:02,3476.42,15
2371,09:30:02,3476.42,29
2372,09:30:02,3476.42,100
2373,09:30:02,3476.42,5
2374,09:30:02,3476.42,1
2375,09:30:02,3476.42,3
2376,09:30:02,3476.42,30
2377,09:30:02,3476.42,29
2378,09:30:02,3476.42,2
2379,09:30:02,3476.42,1
2380,09:30:02,3476.42,17
2381,09:30:02,3476.42,29
2382,09:30:02,3476.42,4
2383,09:30:02,3476.42,13
2384,09:30:02,3476.42,1
2385,09:30:02,3476.42,16
2386,09:30:02,3476.42,100
2387,09:30:02,3476.42,37
2388,09:30:02,3476.42,5
2389,09:30:02,3476.42,1
2390,09:30:02,3476.42,1
2391,09:30:02,3476.42,1
2392,09:30:02,3476.42,5
2393,09:30:02,3476.42,45
2394,09:30:02,3476.42,1
2395,09:30:02,3476.42,1
2396,09:30:02,3476.42,10
2397,09:30:02,3476.42,3
2398,09:30:02,3476.42,1
2399,09:30:02,3476.42,1
2400,09:30:02,3476.42,1
2401,09:30:02,3476.42,1
2402,09:30:02,3476.42,4
2403,09:30:02,3476.42,1
2404,09:30:02,3476.42,100
2405,09:30:02,3476.42,2
2406,09:30:02,3476.42,2
2407,09:30:02,3476.42,1
2408,09:30:02,3476.42,4
2409,09:30:02,3476.42,3
2410,09:30:02,3476.42,1
2411,09:30:02,3476.42,17
2412,09:30:02,3476.42,1
2413,09:30:02,3476.42,3
2414,09:30:02,3476.42,4
2415,09:30:02,3476.42,3
2416,09:30:02,3476.42,15
2417,09:30:02,3476.42,3
2418,09:30:02,3476.42,10
2419,09:30:02,3476.42,1
2420,09:30:02,3476.42,10
2421,09:30:02,3476.42,55
2422,09:30:02,3476.42,105
2423,09:30:02,3476.42,4
2424,09:30:02,3476.42,1
2425,09:30:02,3476.42,13
2426,09:30:02,3476.42,1
2427,09:30:02,3476.42,38
2428,09:30:02,3476.42,22
2429,09:30:02,3476.42,1
2430,09:30:02,3476.42,2
2431,09:30:02,3476.42,4
2432,09:30:02,3476.42,434
2433,09:30:02,3476.42,1
2434,09:30:02,3476.42,2
2435,09:30:02,3476.42,52
2436,09:30:02,3476.42,1
2437,09:30:02,3476.42,2
2438,09:30:02,3476.42,1
2439,09:30:02,3476.42,11
2440,09:30:02,3476.42,1
2441,09:30:02,3476.42,14
2442,09:30:02,3476.42,4
2443,09:30:02,3476.42,65
2444,09:30:02,3476.42,1
2445,09:30:02,3476.42,2
2446,09:30:02,3476.42,2
2447,09:30:02,3476.42,2
2448,09:30:02,3476.42,2
2449,09:30:02,3476.42,5
2450,09:30:02,3476.42,2
2451,09:30:02,3476.42,2
2452,09:30:02,3476.42,2
2453,09:30:02,3476.42,8
2454,09:30:02,3476.42,2
2455,09:30:02,3476.42,2
2456,09:30:02,3476.42,5
2457,09:30:02,3476.42,6
2458,09:30:02,3476.42,3
2459,09:30:02,3476.42,2
2460,09:30:02,3476.42,6
2461,09:30:02,3476.42,5
2462,09:30:02,3476.42,3
2463,09:30:02,3476.42,3
2464,09:30:02,3476.42,4
2465,09:30:02,3476.42,2
2466,09:30:02,3476.42,1
2467,09:30:02,3476.42,12
2468,09:30:02,3476.42,7
2469,09:30:02,3476.42,2
2470,09:30:02,3476.42,1900
2471,09:30:02,3476.42,2
2472,09:30:02,3476.42,100
2473,09:30:02,3476.42,5
2474,09:30:02,3476.42,6
2475,09:30:02,3476.42,16
2476,09:30:02,3476.42,143
2477,09:30:02,3476.42,41
2478,09:30:02,3476.42,213
2479,09:30:02,3476.42,24
2480,09:30:02,3476.42,1
2481,09:30:02,3476.42,1
2482,09:30:02,3476.42,1
2483,09:30:02,3476.42,1
2484,09:30:02,3476.42,2
2485,09:30:02,3476.42,1
2486,09:30:02,3476.42,1
2487,09:30:02,3476.42,1
2488,09:30:02,3476.42,1
2489,09:30:02,3476.42,1
2490,09:30:02,3476.42,1
2491,09:30:02,3476.42,1
2492,09:30:02,3476.42,1
2493,09:30:02,3476.42,1
2494,09:30:02,3476.42,1
2495,09:30:02,3476.42,1
2496,09:30:02,3476.42,1
2497,09:30:02,3476.42,1
2498,09:30:02,3476.42,2
2499,09:30:02,3476.42,1
2500,09:30:02,3476.42,7
2501,09:30:02,3476.42,3
2502,09:30:02,3476.42,1
2503,09:30:02,3476.42,1
2504,09:30:02,3476.42,10
2505,09:30:02,3476.42,6
2506,09:30:02,3476.42,3
2507,09:30:02,3476.42,3
2508,09:30:02,3476.42,3
2509,09:30:02,3476.42,2
2510,09:30:02,3476.42,2
2511,09:30:02,3476.42,1
2512,09:30:02,3476.42,1
2513,09:30:02,3476.42,1
2514,09:30:02,3476.42,3
2515,09:30:02,3476.42,3
2516,09:30:02,3476.42,1
2517,09:30:02,3476.42,1
2518,09:30:02,3476.42,1
2519,09:30:02,3476.42,1
2520,09:30:02,3476.42,1
2521,09:30:02,3476.42,1
2522,09:30:02,3476.42,1
2523,09:30:02,3476.42,1
2524,09:30:02,3476.42,2
2525,09:30:02,3476.42,3
2526,09:30:02,3476.42,5
2527,09:30:02,3476.42,1
2528,09:30:02,3476.42,1
2529,09:30:02,3476.42,1
2530,09:30:02,3476.42,1
2531,09:30:02,3476.42,1
2532,09:30:02,3476.42,1
2533,09:30:02,3476.42,1
2534,09:30:02,3476.42,1
2535,09:30:02,3476.42,1
2536,09:30:02,3476.42,1
2537,09:30:02,3476.42,1
2538,09:30:02,3476.42,1
2539,09:30:02,3476.42,5
2540,09:30:02,3476.42,1
2541,09:30:02,3476.42,1
2542,09:30:02,3476.42,1
2543,09:30:02,3476.42,2
2544,09:30:02,3476.42,1
2545,09:30:02,3476.42,1
2546,09:30:02,3476.42,1
2547,09:30:02,3476.42,5
2548,09:30:02,3476.42,3
2549,09:30:02,3476.42,1
2550,09:30:02,3476.42,1
2551,09:30:02,3476.42,3
2552,09:30:02,3476.42,1
2553,09:30:02,3476.42,3
2554,09:30:02,3476.42,3
2555,09:30:02,3476.42,1
2556,09:30:02,3476.42,1
2557,09:30:02,3476.42,1
2558,09:30:02,3476.42,5
2559,09:30:02,3476.42,1
2560,09:30:02,3476.42,2
2561,09:30:02,3476.42,1
2562,09:30:02,3476.42,1
2563,09:30:02,3476.42,1
2564,09:30:02,3476.42,1
2565,09:30:02,3476.42,2
2566,09:30:02,3476.42,1
2567,09:30:02,3476.42,1
2568,09:30:02,3476.42,1
2569,09:30:02,3476.42,11
2570,09:30:02,3476.42,1
2571,09:30:02,3476.42,3
2572,09:30:02,3476.42,1988
2573,09:30:02,3476.42,4
2574,09:30:02,3476.42,5
2575,09:30:02,3476.42,1
2576,09:30:02,3476.42,1
2577,09:30:02,3476.42,2
2578,09:30:02,3476.42,1
2579,09:30:02,3476.42,8
2580,09:30:02,3476.42,3
2581,09:30:02,3476.42,18
2582,09:30:02,3476.42,1
2583,09:30:02,3476.42,1
2584,09:30:02,3476.42,4
2585,09:30:02,3476.42,63
2586,09:30:02,3476.42,5
2587,09:30:02,3476.42,3
2588,09:30:02,3476.42,1
2589,09:30:02,3476.42,2
2590,09:30:02,3476.42,4
2591,09:30:02,3476.42,3
2592,09:30:02,3476.42,3
2593,09:30:02,3476.42,3
2594,09:30:02,3476.42,5
2595,09:30:02,3476.42,6
2596,09:30:02,3476.42,2
2597,09:30:02,3476.42,1
2598,09:30:02,3476.42,3
2599,09:30:02,3476.42,1
2600,09:30:02,3476.42,1
2601,09:30:02,3476.42,3
2602,09:30:02,3476.42,2
2603,09:30:02,3476.42,4
2604,09:30:02,3476.42,2
2605,09:30:02,3476.42,1
2606,09:30:02,3476.42,1
2607,09:30:02,3476.42,2
2608,09:30:02,3476.42,4
2609,09:30:02,3476.42,1
2610,09:30:02,3476.42,3
2611,09:30:02,3476.42,4
2612,09:30:02,3476.42,3
2613,09:30:02,3476.42,1
2614,09:30:02,3476.42,1
2615,09:30:02,3476.42,13
2616,09:30:02,3476.42,5
2617,09:30:02,3476.42,200
2618,09:30:02,3476.42,2
2619,09:30:02,3476.42,8
2620,09:30:02,3476.42,100
2621,09:30:02,3476.42,2
2622,09:30:02,3476.42,400
2623,09:30:02,3476.42,35
2624,09:30:02,3476.42,1
2625,09:30:02,3476.42,416
2626,09:30:02,3476.42,7
2627,09:30:02,3476.42,1
2628,09:30:02,3476.42,96
2629,09:30:02,3476.42,58
2630,09:30:02,3476.42,176
2631,09:30:02,3476.42,119
2632,09:30:02,3476.42,34
2633,09:30:02,3476.42,100
2634,09:30:02,3476.42,400
2635,09:30:02,3476.42,47
2636,09:30:02,3476.42,86
2637,09:30:02,3476.42,86
2638,09:30:02,3476.42,67
2639,09:30:02,3476.42,29
2640,09:30:02,3476.42,2
2641,09:30:02,3476.42,10
2642,09:30:02,3476.42,25
2643,09:30:02,3476.42,1
2644,09:30:02,3476.42,1
2645,09:30:02,3476.42,1
2646,09:30:02,3476.42,48
2647,09:30:02,3476.42,2
2648,09:30:02,3476.42,2
2649,09:30:02,3476.42,1
2650,09:30:02,3476.42,5
2651,09:30:02,3476.42,1
2652,09:30:02,3476.42,1
2653,09:30:02,3476.42,1
2654,09:30:02,3476.42,1
2655,09:30:02,3476.42,25
2656,09:30:02,3476.42,3
2657,09:30:02,3476.42,21
2658,09:30:02,3476.42,1
2659,09:30:02,3476.42,2
2660,09:30:02,3476.42,1
2661,09:30:02,3476.42,10
2662,09:30:02,3476.42,10
2663,09:30:02,3476.42,10
2664,09:30:02,3476.42,1
2665,09:30:02,3476.42,1
2666,09:30:02,3476.42,5
2667,09:30:02,3476.42,2
2668,09:30:02,3476.42,1
2669,09:30:02,3476.42,5
2670,09:30:02,3476.42,5
2671,09:30:02,3476.42,100
2672,09:30:02,3476.42,5
2673,09:30:02,3476.42,1
2674,09:30:02,3476.42,1
2675,09:30:02,3476.42,1
2676,09:30:02,3476.42,1
2677,09:30:02,3476.42,34
2678,09:30:02,3476.42,25
2679,09:30:02,3476.42,1
2680,09:30:02,3476.42,560
2681,09:30:02,3476.42,8
2682,09:30:02,3476.42,14
2683,09:30:02,3476.42,4
2684,09:30:02,3476.42,1
2685,09:30:02,3476.42,3
2686,09:30:02,3476.42,3
2687,09:30:02,3476.42,1
2688,09:30:02,3476.42,3
2689,09:30:02,3476.42,1
2690,09:30:02,3476.42,298
2691,09:30:02,3476.42,2
2692,09:30:02,3476.42,2
2693,09:30:02,3476.42,10
2694,09:30:02,3476.42,5
2695,09:30:02,3476.42,15
2696,09:30:02,3476.42,15
2697,09:30:02,3476.42,97
2698,09:30:02,3476.42,200
2699,09:30:02,3476.42,1
2700,09:30:02,3476.42,4
2701,09:30:02,3476.42,200
2702,09:30:02,3476.42,59
2703,09:30:02,3476.42,1
2704,09:30:02,3476.42,6
2705,09:30:02,3476.42,1
2706,09:30:02,3476.42,2
2707,09:30:02,3476.42,177
2708,09:30:02,3476.42,1
2709,09:30:02,3476.42,5
2710,09:30:02,3476.42,1
2711,09:30:02,3476.42,2
2712,09:30:02,3476.42,30
2713,09:30:02,3476.42,100
2714,09:30:02,3476.42,10
2715,09:30:02,3476.42,1
2716,09:30:02,3476.42,251
2717,09:30:02,3476.42,4
2718,09:30:02,3476.42,34
2719,09:30:02,3476.42,5
2720,09:30:02,3476.42,2
2721,09:30:02,3476.42,1
2722,09:30:02,3476.42,2
2723,09:30:02,3476.42,7
2724,09:30:02,3476.42,1
2725,09:30:02,3476.42,19
2726,09:30:02,3476.42,25
2727,09:30:02,3476.42,1
2728,09:30:02,3476.42,1
2729,09:30:02,3476.42,10
2730,09:30:02,3476.42,16
2731,09:30:02,3476.42,31
2732,09:30:02,3476.42,1
2733,09:30:02,3476.42,198
2734,09:30:02,3476.42,275
2735,09:30:02,3476.42,238
2736,09:30:02,3476.42,159
2737,09:30:02,3476.42,80
2738,09:30:02,3476.42,220
2739,09:30:02,3476.42,1
2740,09:30:02,3476.42,17
2741,09:30:02,3476.42,1
2742,09:30:02,3476.42,6
2743,09:30:02,3476.42,2
2744,09:30:02,3476.42,7
2745,09:30:02,3476.42,5
2746,09:30:02,3476.42,17
2747,09:30:02,3476.42,1
2748,09:30:02,3476.42,2
2749,09:30:02,3476.42,2
2750,09:30:02,3476.42,3
2751,09:30:02,3476.42,3
2752,09:30:02,3476.42,6
2753,09:30:02,3476.42,2
2754,09:30:02,3476.42,1
2755,09:30:02,3476.42,2
2756,09:30:02,3476.42,1
2757,09:30:02,3476.42,1
2758,09:30:02,3476.42,9
2759,09:30:02,3476.42,16
2760,09:30:02,3476.42,493
2761,09:30:02,3476.42,1
2762,09:30:02,3476.42,21
2763,09:30:02,3476.42,7
2764,09:30:02,3476.42,3
2765,09:30:02,3476.42,1
2766,09:30:02,3476.42,2
2767,09:30:02,3476.42,2
2768,09:30:02,3476.42,8
2769,09:30:02,3476.42,1
2770,09:30:02,3476.42,1305
2771,09:30:02,3476.42,245
2772,09:30:02,3476.42,1
2773,09:30:02,3476.42,4
2774,09:30:02,3476.42,10
2775,09:30:02,3476.42,5
2776,09:30:02,3476.42,8
2777,09:30:02,3476.42,10
2778,09:30:02,3476.42,2
2779,09:30:02,3476.42,80
2780,09:30:02,3476.42,60
2781,09:30:02,3476.42,5
2782,09:30:02,3476.42,1
2783,09:30:02,3476.42,2
2784,09:30:02,3476.42,1
2785,09:30:02,3476.42,1
2786,09:30:02,3476.42,57
2787,09:30:02,3476.42,100
2788,09:30:02,3476.42,58
2789,09:30:02,3476.42,61
2790,09:30:02,3476.42,37
2791,09:30:02,3476.42,75
2792,09:30:02,3476.42,91
2793,09:30:02,3476.42,50
2794,09:30:02,3476.42,1
2795,09:30:02,3476.42,1
2796,09:30:02,3476.42,110
2797,09:30:02,3476.42,1
2798,09:30:02,3476.42,22
2799,09:30:02,3476.42,10
2800,09:30:02,3476.42,4
2801,09:30:02,3476.42,4
2802,09:30:02,3476.42,1
2803,09:30:02,3476.42,2
2804,09:30:02,3476.42,10
2805,09:30:02,3476.42,6
2806,09:30:02,3476.42,1
2807,09:30:02,3476.42,37
2808,09:30:02,3476.42,10
2809,09:30:02,3476.42,10
2810,09:30:02,3476.42,9
2811,09:30:02,3476.42,100
2812,09:30:02,3476.42,16
2813,09:30:02,3476.42,1
2814,09:30:02,3476.42,1
2815,09:30:02,3476.42,5
2816,09:30:02,3476.42,9
2817,09:30:02,3476.42,4
2818,09:30:02,3476.42,11
2819,09:30:02,3476.42,2
2820,09:30:02,3476.42,20
2821,09:30:02,3476.42,22
2822,09:30:02,3476.42,2
2823,09:30:02,3476.42,3
2824,09:30:02,3476.42,3
2825,09:30:02,3476.42,2
2826,09:30:02,3476.42,3
2827,09:30:02,3476.42,4
2828,09:30:02,3476.42,3
2829,09:30:02,3476.42,5
2830,09:30:02,3476.42,10
2831,09:30:02,3476.42,100
2832,09:30:02,3476.42,1
2833,09:30:02,3476.42,3
2834,09:30:02,3476.42,2
2835,09:30:02,3476.42,8
2836,09:30:02,3476.42,10
2837,09:30:02,3476.42,4
2838,09:30:02,3476.42,4
2839,09:30:02,3476.42,161
2840,09:30:02,3476.42,5
2841,09:30:02,3476.42,450
2842,09:30:02,3476.42,114
2843,09:30:02,3476.42,2
2844,09:30:02,3476.42,1
2845,09:30:02,3476.42,55
2846,09:30:02,3476.42,1
2847,09:30:02,3476.42,1
2848,09:30:02,3476.42,1
2849,09:30:02,3476.42,2
2850,09:30:02,3476.42,1
2851,09:30:02,3476.42,1
2852,09:30:02,3476.42,1
2853,09:30:02,3476.42,1
2854,09:30:02,3476.42,3
2855,09:30:02,3476.42,300
2856,09:30:02,3476.42,1
2857,09:30:02,3476.42,8
2858,09:30:02,3476.42,12
2859,09:30:02,3476.42,2
2860,09:30:02,3476.42,1
2861,09:30:02,3476.42,72
2862,09:30:02,3476.42,1
2863,09:30:02,3476.42,9
2864,09:30:02,3476.42,30
2865,09:30:02,3476.42,1
2866,09:30:02,3476.42,1
2867,09:30:02,3476.42,3
2868,09:30:02,3476.42,5
2869,09:30:02,3476.42,10
2870,09:30:02,3476.42,3
2871,09:30:02,3476.42,1
2872,09:30:02,3476.42,5
2873,09:30:02,3476.42,5
2874,09:30:02,3476.42,152
2875,09:30:02,3476.42,3
2876,09:30:02,3476.42,9
2877,09:30:02,3476.42,20
2878,09:30:02,3476.42,2
2879,09:30:02,3476.42,1
2880,09:30:02,3476.42,1
2881,09:30:02,3476.42,4
2882,09:30:02,3476.42,20
2883,09:30:02,3476.42,10
2884,09:30:02,3476.42,1
2885,09:30:02,3476.42,129
2886,09:30:02,3476.42,2
2887,09:30:02,3476.42,5
2888,09:30:02,3476.42,50
2889,09:30:02,3476.42,130
2890,09:30:02,3476.42,15
2891,09:30:02,3476.42,10
2892,09:30:02,3476.42,1
2893,09:30:02,3476.42,1
2894,09:30:02,3476.42,7
2895,09:30:02,3476.42,7
2896,09:30:02,3476.42,7
2897,09:30:02,3476.42,1
2898,09:30:02,3476.42,1
2899,09:30:02,3476.42,2
2900,09:30:02,3476.42,5
2901,09:30:02,3476.42,1
2902,09:30:02,3476.42,5
2903,09:30:02,3476.42,3
2904,09:30:02,3476.42,5
2905,09:30:02,3476.42,1
2906,09:30:02,3476.42,2
2907,09:30:02,3476.42,32
2908,09:30:02,3476.42,3
2909,09:30:02,3476.42,50
2910,09:30:02,3476.42,2
2911,09:30:02,3476.42,3
2912,09:30:02,3476.42,2
2913,09:30:02,3476.42,5
2914,09:30:02,3476.42,1
2915,09:30:02,3476.42,1
2916,09:30:02,3476.42,1
2917,09:30:02,3476.42,1
2918,09:30:02,3476.42,2
2919,09:30:02,3476.42,7
2920,09:30:02,3476.42,13
2921,09:30:02,3476.42,14
2922,09:30:02,3476.42,3
2923,09:30:02,3476.42,1
2924,09:30:02,3476.42,2
2925,09:30:02,3476.42,5
2926,09:30:02,3476.42,60
2927,09:30:02,3476.42,3
2928,09:30:02,3476.42,4
2929,09:30:02,3476.42,2
2930,09:30:02,3476.42,3
2931,09:30:02,3476.42,23
2932,09:30:02,3476.42,4
2933,09:30:02,3476.42,4
2934,09:30:02,3476.42,6
2935,09:30:02,3476.42,2
2936,09:30:02,3476.42,1
2937,09:30:02,3476.42,10
2938,09:30:02,3476.42,14
2939,09:30:02,3476.42,20
2940,09:30:02,3476.42,25
2941,09:30:02,3476.42,8
2942,09:30:02,3476.42,3
2943,09:30:02,3476.42,1
2944,09:30:02,3476.42,2
2945,09:30:02,3476.42,4
2946,09:30:02,3476.42,15
2947,09:30:02,3476.42,1
2948,09:30:02,3476.42,1
2949,09:30:02,3476.42,2
2950,09:30:02,3476.42,4
2951,09:30:02,3476.42,3
2952,09:30:02,3476.42,2
2953,09:30:02,3476.42,7
2954,09:30:02,3476.42,1
2955,09:30:02,3476.42,2
2956,09:30:02,3476.42,71
2957,09:30:02,3476.42,4
2958,09:30:02,3476.42,14
2959,09:30:02,3476.42,13
2960,09:30:02,3476.42,20
2961,09:30:02,3476.42,4
2962,09:30:02,3476.42,8
2963,09:30:02,3476.42,10
2964,09:30:02,3476.42,3
2965,09:30:02,3476.42,5
2966,09:30:02,3476.42,14
2967,09:30:02,3476.42,3
2968,09:30:02,3476.42,2
2969,09:30:02,3476.42,10
2970,09:30:02,3476.42,3
2971,09:30:02,3476.42,16
2972,09:30:02,3476.42,2
2973,09:30:02,3476.42,1
2974,09:30:02,3476.42,3
2975,09:30:02,3476.42,1
2976,09:30:02,3476.42,29
2977,09:30:02,3476.42,1
2978,09:30:02,3476.42,2
2979,09:30:02,3476.42,1
2980,09:30:02,3476.42,10
2981,09:30:02,3476.42,2
2982,09:30:02,3476.42,10
2983,09:30:02,3476.42,1
2984,09:30:02,3476.42,5
2985,09:30:02,3476.42,10
2986,09:30:02,3476.42,2
2987,09:30:02,3476.42,274
2988,09:30:02,3476.42,489
2989,09:30:02,3476.42,2
2990,09:30:02,3476.42,1
2991,09:30:02,3476.42,100
2992,09:30:02,3476.42,1
2993,09:30:02,3476.42,5
2994,09:30:02,3476.42,15
2995,09:30:02,3476.42,595
2996,09:30:02,3476.42,5
2997,09:30:02,3476.42,1
2998,09:30:02,3476.42,5
2999,09:30:02,3476.42,5
3000,09:30:02,3476.42,1
3001,09:30:02,3476.42,1
3002,09:30:02,3476.42,1
3003,09:30:02,3476.42,3
3004,09:30:02,3476.42,1
3005,09:30:02,3476.42,10
3006,09:30:02,3476.42,1
3007,09:30:02,3476.42,5
3008,09:30:02,3476.42,1
3009,09:30:02,3476.42,1
3010,09:30:02,3476.42,48
3011,09:30:02,3476.42,1
3012,09:30:02,3476.42,1
3013,09:30:02,3476.42,3
3014,09:30:02,3476.42,5
3015,09:30:02,3476.42,5
3016,09:30:02,3476.42,5
3017,09:30:02,3476.42,10
3018,09:30:02,3476.42,5
3019,09:30:02,3476.42,1
3020,09:30:02,3476.42,2
3021,09:30:02,3476.42,11
3022,09:30:02,3476.42,3
3023,09:30:02,3476.42,1
3024,09:30:02,3476.42,3
3025,09:30:02,3476.42,2
3026,09:30:02,3476.42,3
3027,09:30:02,3476.42,5
3028,09:30:02,3476.42,25
3029,09:30:02,3476.42,14
3030,09:30:02,3476.42,900
3031,09:30:02,3476.42,140
3032,09:30:02,3476.42,10
3033,09:30:02,3476.42,50
3034,09:30:02,3476.42,40
3035,09:30:02,3476.42,3
3036,09:30:02,3476.42,5
3037,09:30:02,3476.42,100
3038,09:30:02,3476.42,100
3039,09:30:02,3476.42,2
3040,09:30:02,3476.42,1
3041,09:30:02,3476.42,3
3042,09:30:02,3476.42,1
3043,09:30:02,3476.42,1
3044,09:30:02,3476.42,1
3045,09:30:02,3476.42,1
3046,09:30:02,3476.42,41
3047,09:30:02,3476.42,2
3048,09:30:02,3476.42,2
3049,09:30:02,3476.42,50
3050,09:30:02,3476.42,600
3051,09:30:02,3476.42,2
3052,09:30:02,3476.42,3
3053,09:30:02,3476.42,1
3054,09:30:02,3476.42,2
3055,09:30:02,3476.42,71
3056,09:30:02,3476.42,1
3057,09:30:02,3476.42,3
3058,09:30:02,3476.42,2
3059,09:30:02,3476.42,1
3060,09:30:02,3476.42,1
3061,09:30:02,3476.42,35
3062,09:30:02,3476.42,35
3063,09:30:02,3476.42,1
3064,09:30:02,3476.42,100
3065,09:30:02,3476.42,1
3066,09:30:02,3476.42,2
3067,09:30:02,3476.42,3
3068,09:30:02,3476.42,3
3069,09:30:02,3476.42,14
3070,09:30:02,3476.42,2
3071,09:30:02,3476.42,3
3072,09:30:02,3476.42,4
3073,09:30:02,3476.42,1
3074,09:30:02,3476.42,4
3075,09:30:02,3476.42,5
3076,09:30:02,3476.42,5
3077,09:30:02,3476.42,2
3078,09:30:02,3476.42,1
3079,09:30:02,3476.42,1
3080,09:30:02,3476.42,5
3081,09:30:02,3476.42,1
3082,09:30:02,3476.42,3
3083,09:30:02,3476.42,1
3084,09:30:02,3476.42,1
3085,09:30:02,3476.42,3
3086,09:30:02,3476.42,10
3087,09:30:02,3476.42,1
3088,09:30:02,3476.42,1
3089,09:30:02,3476.42,12
3090,09:30:02,3476.42,1
3091,09:30:02,3476.42,1
3092,09:30:02,3476.42,14
3093,09:30:02,3476.42,1
3094,09:30:02,3476.42,1
3095,09:30:02,3476.42,10
3096,09:30:02,3476.42,2
3097,09:30:02,3476.42,4
3098,09:30:02,3476.42,2
3099,09:30:02,3476.42,1
3100,09:30:02,3476.42,1
3101,09:30:02,3476.42,10
3102,09:30:02,3476.42,4
3103,09:30:02,3476.42,1
3104,09:30:02,3476.42,5
3105,09:30:02,3476.42,2
3106,09:30:02,3476.42,1
3107,09:30:02,3476.42,7
3108,09:30:02,3476.42,8
3109,09:30:02,3476.42,2
3110,09:30:02,3476.42,3
3111,09:30:02,3476.42,4
3112,09:30:02,3476.42,1
3113,09:30:02,3476.42,1
3114,09:30:02,3476.42,1
3115,09:30:02,3476.42,3
3116,09:30:02,3476.42,1
3117,09:30:02,3476.42,3
3118,09:30:02,3476.42,1
3119,09:30:02,3476.42,1
3120,09:30:02,3476.42,2
3121,09:30:02,3476.42,1
3122,09:30:02,3476.42,4
3123,09:30:02,3476.42,694
3124,09:30:02,3476.42,1
3125,09:30:02,3476.42,1
3126,09:30:02,3476.42,2
3127,09:30:02,3476.42,1
3128,09:30:02,3476.42,2
3129,09:30:02,3476.42,2
3130,09:30:02,3476.42,6
3131,09:30:02,3476.42,5
3132,09:30:02,3476.42,1
3133,09:30:02,3476.42,9
3134,09:30:02,3476.42,2
3135,09:30:02,3476.42,1
3136,09:30:02,3476.42,14
3137,09:30:02,3476.42,14
3138,09:30:02,3476.42,1
3139,09:30:02,3476.42,3
3140,09:30:02,3476.42,5
3141,09:30:02,3476.42,7
3142,09:30:02,3476.42,3
3143,09:30:02,3476.42,1
3144,09:30:02,3476.42,3
3145,09:30:02,3476.42,3
3146,09:30:02,3476.42,1
3147,09:30:02,3476.42,2
3148,09:30:02,3476.42,1
3149,09:30:02,3476.42,10
3150,09:30:02,3476.42,1
3151,09:30:02,3476.42,5
3152,09:30:02,3476.42,1
3153,09:30:02,3476.42,1
3154,09:30:02,3476.42,3
3155,09:30:02,3476.42,14
3156,09:30:02,3476.42,5
3157,09:30:02,3476.42,1
3158,09:30:02,3476.42,5
3159,09:30:02,3476.42,2
3160,09:30:02,3476.42,1
3161,09:30:02,3476.42,500
3162,09:30:02,3476.42,6
3163,09:30:02,3476.42,1
3164,09:30:02,3476.42,1
3165,09:30:02,3476.42,180
3166,09:30:02,3476.42,2
3167,09:30:02,3476.42,14
3168,09:30:02,3476.42,1
3169,09:30:02,3476.42,1
3170,09:30:02,3476.42,1
3171,09:30:02,3476.42,1
3172,09:30:02,3476.42,2
3173,09:30:02,3476.42,3
3174,09:30:02,3476.42,5
3175,09:30:02,3476.42,5
3176,09:30:02,3476.42,5
3177,09:30:02,3476.42,29
3178,09:30:02,3476.42,9
3179,09:30:02,3476.42,4
3180,09:30:02,3476.42,10
3181,09:30:02,3476.42,1
3182,09:30:02,3476.42,1
3183,09:30:02,3476.42,2
3184,09:30:02,3476.42,1
3185,09:30:02,3476.42,23
3186,09:30:02,3476.42,2
3187,09:30:02,3476.42,1
3188,09:30:02,3476.42,25
3189,09:30:02,3476.42,1
3190,09:30:02,3476.42,2
3191,09:30:02,3476.42,1
3192,09:30:02,3476.42,1
3193,09:30:02,3476.42,5
3194,09:30:02,3476.42,2
3195,09:30:02,3476.42,2
3196,09:30:02,3476.42,3
3197,09:30:02,3476.42,1
3198,09:30:02,3476.42,250
3199,09:30:02,3476.42,171
3200,09:30:02,3476.42,186
3201,09:30:02,3476.42,2
3202,09:30:02,3476.42,12
3203,09:30:02,3476.42,1
3204,09:30:02,3476.42,2
3205,09:30:02,3476.42,15
3206,09:30:02,3476.42,1
3207,09:30:02,3476.42,1
3208,09:30:02,3476.42,4
3209,09:30:02,3476.42,1
3210,09:30:02,3476.42,3
3211,09:30:02,3476.42,22
3212,09:30:02,3476.42,60
3213,09:30:02,3476.42,500
3214,09:30:02,3476.42,1
3215,09:30:02,3476.42,99
3216,09:30:02,3476.42,6
3217,09:30:02,3476.42,1
3218,09:30:02,3476.42,7
3219,09:30:02,3476.42,2
3220,09:30:02,3476.42,12
3221,09:30:02,3476.42,6
3222,09:30:02,3476.42,1
3223,09:30:02,3476.42,2
3224,09:30:02,3476.42,5
3225,09:30:02,3476.42,1
3226,09:30:02,3476.42,1
3227,09:30:02,3476.42,1
3228,09:30:02,3476.42,1
3229,09:30:02,3476.42,2
3230,09:30:02,3476.42,1
3231,09:30:02,3476.42,5
3232,09:30:02,3476.42,10
3233,09:30:02,3476.42,3
3234,09:30:02,3476.42,3
3235,09:30:02,3476.42,3
3236,09:30:02,3476.42,1
3237,09:30:02,3476.42,1
3238,09:30:02,3476.42,7
3239,09:30:02,3476.42,6
3240,09:30:02,3476.42,3
3241,09:30:02,3476.42,1
3242,09:30:02,3476.42,10
3243,09:30:02,3476.42,18
3244,09:30:02,3476.42,3
3245,09:30:02,3476.42,38
3246,09:30:02,3476.42,4
3247,09:30:02,3476.42,5
3248,09:30:02,3476.42,1
3249,09:30:02,3476.42,1
3250,09:30:02,3476.42,1
3251,09:30:02,3476.42,1
3252,09:30:02,3476.42,1
3253,09:30:02,3476.42,2
3254,09:30:02,3476.42,25
3255,09:30:02,3476.42,1
3256,09:30:02,3476.42,1
3257,09:30:02,3476.42,5
3258,09:30:02,3476.42,10
3259,09:30:02,3476.42,1
3260,09:30:02,3476.42,3
3261,09:30:02,3476.42,2
3262,09:30:02,3476.42,20
3263,09:30:02,3476.42,1
3264,09:30:02,3476.42,10
3265,09:30:02,3476.42,1
3266,09:30:02,3476.42,38
3267,09:30:02,3476.42,2
3268,09:30:02,3476.42,3
3269,09:30:02,3476.42,1
3270,09:30:02,3476.42,1
3271,09:30:02,3476.42,2
3272,09:30:02,3476.42,5
3273,09:30:02,3476.42,5
3274,09:30:02,3476.42,3
3275,09:30:02,3476.42,20
3276,09:30:02,3476.42,1
3277,09:30:02,3476.42,1
3278,09:30:02,3476.42,3
3279,09:30:02,3476.42,3
3280,09:30:02,3476.42,2
3281,09:30:02,3476.42,2
3282,09:30:02,3476.42,4
3283,09:30:02,3476.42,10
3284,09:30:02,3476.42,10
3285,09:30:02,3476.42,6
3286,09:30:02,3476.42,2
3287,09:30:02,3476.42,1
3288,09:30:02,3476.42,10
3289,09:30:02,3476.42,10
3290,09:30:02,3476.42,3
3291,09:30:02,3476.42,10
3292,09:30:02,3476.42,1
3293,09:30:02,3476.42,1
3294,09:30:02,3476.42,23
3295,09:30:02,3476.42,1
3296,09:30:02,3476.42,1
3297,09:30:02,3476.42,1
3298,09:30:02,3476.42,2
3299,09:30:02,3476.42,10
3300,09:30:02,3476.42,10
3301,09:30:02,3476.42,1
3302,09:30:02,3476.42,10
3303,09:30:02,3476.42,9
3304,09:30:02,3476.42,36
3305,09:30:02,3476.42,2
3306,09:30:02,3476.42,3
3307,09:30:02,3476.42,1
3308,09:30:02,3476.42,20
3309,09:30:02,3476.42,1
3310,09:30:02,3476.42,50
3311,09:30:02,3476.42,1
3312,09:30:02,3476.42,10
3313,09:30:02,3476.42,10
3314,09:30:02,3476.42,10
3315,09:30:02,3476.42,2
3316,09:30:02,3476.42,10
3317,09:30:02,3476.42,1
3318,09:30:02,3476.42,5
3319,09:30:02,3476.42,5
3320,09:30:02,3476.42,1
3321,09:30:02,3476.42,1
3322,09:30:02,3476.42,20
3323,09:30:02,3476.42,10
3324,09:30:02,3476.42,1
3325,09:30:02,3476.42,1
3326,09:30:02,3476.42,100
3327,09:30:02,3476.42,30
3328,09:30:02,3476.42,1
3329,09:30:02,3476.42,4
3330,09:30:02,3476.42,1
3331,09:30:02,3476.42,10
3332,09:30:02,3476.42,10
3333,09:30:02,3476.42,44
3334,09:30:02,3476.42,1
3335,09:30:02,3476.42,2
3336,09:30:02,3476.42,4
3337,09:30:02,3476.42,2
3338,09:30:02,3477.365,100
3339,09:30:02,3477.365,100
3340,10:29:54,3446.765,100
3341,10:29:31,3448.61,100
3342,10:29:31,3448.575,100
3343,10:29:31,3448.575,100
3344,10:29:20,3448.61,100
3345,10:29:15,3446.14,100
3346,10:29:14,3446.65,117
3347,10:28:59,3449.0135,100
3348,10:28:55,3448.73,100
3349,10:28:44,3447.63,100
3350,10:28:44,3446.82,149
3351,10:28:40,3447.1175,100
3352,10:28:39,3446.62,290
3353,10:28:39,3446.62,126
3354,10:28:39,3446.8,100
3355,10:28:39,3446.83,100
3356,10:28:39,3446.8,100
3357,10:28:39,3446.82,100
3358,10:28:39,3446.8,100
3359,10:28:39,3446.76,100
3360,10:28:39,3447.68,100
3361,10:28:38,3447.07,100
3362,10:28:37,3447.68,100
3363,10:28:32,3447.19,100
3364,10:28:30,3448.15,100
3365,10:28:28,3447.28,100
3366,10:28:28,3447.0,100
3367,10:28:26,3448.58,200
3368,10:28:25,3448.0,100
3369,10:28:16,3447.82,100
3370,10:28:12,3447.855,200
3371,10:28:09,3448.11,100
3372,10:28:08,3447.61,100
3373,10:28:07,3447.11,200
3374,10:28:07,3448.1274,400
3375,10:28:06,3447.42,100
3376,10:28:06,3447.24,100
3377,10:28:03,3448.18,100
3378,10:28:03,3448.005,100
3379,10:28:00,3448.74,100
3380,10:28:00,3448.625,200
3381,10:27:58,3448.18,100
3382,10:27:42,3448.39,100
3383,10:27:41,3448.7,100
3384,10:27:36,3447.9,100
3385,10:27:24,3448.02,100
3386,10:27:24,3447.79,100
3387,10:27:24,3447.79,100
3388,10:27:24,3447.79,100
3389,10:27:24,3448.245,100
3390,10:27:19,3447.89,100
3391,10:27:14,3447.95,100
3392,10:26:51,3447.39,100
3393,10:26:49,3447.0,147
3394,10:26:49,3446.44,100
3395,10:26:45,3445.94,100
3396,10:26:41,3445.78,300
3397,10:26:40,3445.78,100
3398,10:26:40,3445.41,100
3399,10:26:40,3445.7,100
3400,10:26:40,3445.795,100
3401,10:26:37,3445.39,121
3402,10:26:18,3445.4,100
3403,10:26:16,3445.82,100
3404,10:25:59,3444.905,100
3405,10:25:58,3444.775,100
3406,10:25:48,3444.2677,100
3407,10:25:44,3443.575,100
3408,10:25:40,3443.67,100
3409,10:25:39,3443.63,100
3410,10:25:39,3443.3459,326
3411,10:25:39,3443.92,179
3412,10:25:01,3442.21,100
3413,10:24:57,3441.01,100
3414,10:24:57,3441.29,100
3415,10:24:52,3442.44,100
3416,10:24:49,3442.65,100
3417,10:24:48,3442.85,100
3418,10:24:44,3443.12,100
3419,10:24:43,3442.67,100
3420,10:24:43,3442.67,100
3421,10:24:41,3443.14,300
3422,10:24:27,3443.19,100
3423,10:24:15,3442.81,100
3424,10:24:15,3442.83,100
3425,10:24:12,3444.0587,100
3426,10:23:48,3441.075,100
3427,10:23:41,3441.44,105
3428,10:23:39,3441.74,105
3429,10:23:39,3441.7,100
3430,10:23:35,3443.05,300
3431,10:23:35,3443.17,100
3432,10:23:35,3443.17,100
3433,10:23:35,3443.1965,200
3434,10:23:35,3443.2,100
3435,10:23:34,3442.01,100
3436,10:23:24,3442.85,100
3437,10:23:24,3442.88,100
3438,10:23:24,3443.39,525
3439,10:23:21,3442.6407,100
3440,10:23:15,3442.625,100
3441,10:23:13,3443.49,140
3442,10:23:10,3443.69,171
3443,10:23:07,3443.15,179
3444,10:23:02,3443.42,103
3445,10:23:02,3443.41,100
3446,10:22:53,3442.36,144
3447,10:22:46,3440.58,100
3448,10:22:46,3441.49,200
3449,10:22:46,3441.07,300
3450,10:22:45,3441.125,149
3451,10:22:44,3442.5399,280
3452,10:22:40,3441.485,100
3453,10:22:33,3439.95,100
3454,10:22:22,3440.7999,100
3455,10:22:12,3438.0,123
3456,10:22:12,3438.0,100
3457,10:22:11,3439.115,500
3458,10:22:09,3438.38,100
3459,10:22:08,3439.22,112
3460,10:22:02,3440.5,100
3461,10:22:02,3440.455,100
3462,10:22:02,3440.51,100
3463,10:21:58,3439.38,100
3464,10:21:57,3440.23,100
3465,10:21:57,3439.89,100
3466,10:21:57,3439.88,100
3467,10:21:57,3439.89,147
3468,10:21:53,3439.6,100
3469,10:21:52,3440.24,100
3470,10:21:51,3439.95,100
3471,10:21:51,3439.69,100
3472,10:21:51,3439.74,100
3473,10:21:47,3439.59,100
3474,10:21:42,3438.8639,500
3475,10:21:39,3438.14,100
3476,10:21:39,3438.14,100
3477,10:21:37,3438.95,100
3478,10:21:29,3437.59,100
3479,10:21:24,3434.56,100
3480,10:21:22,3434.005,240
3481,10:21:21,3434.505,100
3482,10:21:21,3434.005,200
3483,10:21:21,3434.08,200
3484,10:21:20,3434.595,100
3485,10:21:19,3434.19,300
3486,10:21:19,3434.09,200
3487,10:21:19,3434.0,100
3488,10:21:18,3434.0,100
3489,10:21:18,3434.0,100
3490,10:21:18,3434.1156,291
3491,10:21:15,3434.2501,200
3492,10:21:08,3435.04,100
3493,10:21:04,3435.64,100
3494,10:21:02,3435.9034,300
3495,10:21:00,3435.8902,100
3496,10:20:47,3436.81,100
3497,10:20:47,3436.6,100
3498,10:20:36,3436.22,200
3499,10:20:35,3436.35,800
3500,10:20:34,3437.2,100
3501,10:20:19,3436.075,100
3502,10:20:16,3435.95,300
3503,10:20:16,3435.95,100
3504,10:20:15,3435.575,100
3505,10:20:15,3435.575,200
3506,10:20:13,3435.56,100
3507,10:20:02,3434.4405,420
3508,10:20:02,3434.92,301
3509,10:20:02,3434.93,400
3510,10:20:02,3435.0,100
3511,10:20:02,3435.0,100
3512,10:20:02,3435.304,100
3513,10:20:02,3435.29,100
3514,10:20:02,3435.29,100
3515,10:20:02,3435.29,100
3516,10:20:02,3435.29,100
3517,10:20:02,3435.28,100
3518,10:20:01,3435.4,100
3519,10:20:01,3435.3,100
3520,10:20:01,3435.3,100
3521,10:20:01,3436.0,100
3522,10:20:01,3436.0,100
3523,10:20:01,3436.5,150
3524,10:20:01,3436.5,100
3525,10:20:01,3437.3,180
3526,10:20:00,3438.19,100
3527,10:19:45,3439.5,100
3528,10:19:39,3438.6182,100
3529,10:19:36,3438.47,149
3530,10:19:35,3437.7,100
3531,10:19:34,3437.6801,280
3532,10:19:34,3438.363,149
3533,10:19:23,3438.1001,199
3534,10:19:23,3438.84,100
3535,10:19:22,3438.84,100
3536,10:19:22,3438.84,200
3537,10:19:22,3438.84,100
3538,10:19:17,3438.81,100
3539,10:19:16,3439.75,100
3540,10:19:16,3438.81,100
3541,10:19:16,3438.74,100
3542,10:19:16,3438.81,100
3543,10:19:15,3437.7227,114
3544,10:19:15,3437.7227,420
3545,10:19:15,3437.7227,288
3546,10:19:15,3437.7227,819
3547,10:19:15,3439.01,100
3548,10:19:15,3439.05,300
3549,10:19:15,3439.12,100
3550,10:19:15,3439.12,100
3551,10:19:15,3439.12,100
3552,10:19:15,3439.12,100
3553,10:19:15,3439.12,100
3554,10:19:15,3439.12,100
3555,10:19:15,3439.12,100
3556,10:19:15,3439.27,100
3557,10:19:15,3439.28,100
3558,10:19:15,3439.27,100
3559,10:19:15,3439.27,200
3560,10:19:15,3439.28,200
3561,10:19:15,3439.28,100
3562,10:19:15,3439.28,100
3563,10:19:15,3439.51,197
3564,10:19:15,3439.51,100
3565,10:19:15,3439.53,100
3566,10:19:15,3439.67,100
3567,10:19:09,3440.0,100
3568,10:19:09,3440.0,100
3569,10:19:09,3440.0,100
3570,10:19:09,3440.0,100
3571,10:19:09,3440.71,100
3572,10:19:00,3440.16,300
3573,10:18:59,3440.01,100
3574,10:18:54,3441.0,100
3575,10:18:54,3441.0,100
3576,10:18:53,3441.6,100
3577,10:18:53,3441.53,100
3578,10:18:50,3442.17,100
3579,10:18:50,3442.16,100
3580,10:18:14,3441.53,100
3581,10:18:08,3442.6,200
3582,10:18:08,3443.23,152
3583,10:18:08,3443.23,178
3584,10:18:07,3442.6,100
3585,10:18:04,3441.4496,100
3586,10:18:03,3443.18,100
3587,10:18:03,3443.2,100
3588,10:18:03,3442.26,100
3589,10:18:02,3442.1,304
3590,10:17:59,3443.23,200
3591,10:17:59,3443.225,109
3592,10:17:55,3443.23,100
3593,10:17:40,3445.61,100
3594,10:17:37,3445.49,109
3595,10:17:35,3444.39,100
3596,10:17:33,3445.4899,199
3597,10:17:27,3444.505,140
3598,10:17:25,3444.3,100
3599,10:17:20,3443.24,100
3600,10:17:10,3444.01,154
3601,10:16:59,3446.0,300
3602,10:16:46,3446.195,180
3603,10:16:46,3446.8,100
3604,10:16:46,3446.2,100
3605,10:16:44,3446.54,100
3606,10:16:36,3447.505,100
3607,10:16:35,3447.5,100
3608,10:16:34,3446.76,100
3609,10:16:34,3446.85,100
3610,10:16:34,3447.0,100
3611,10:16:34,3447.02,100
3612,10:16:34,3445.09,100
3613,10:16:31,3444.3977,462
3614,10:16:31,3442.97,100
3615,10:16:31,3442.9699,100
3616,10:16:28,3441.17,300
3617,10:16:28,3442.24,300
3618,10:16:28,3442.24,100
3619,10:16:28,3442.239,100
3620,10:16:27,3441.909,100
3621,10:16:26,3441.325,100
3622,10:16:21,3442.2399,100
3623,10:16:19,3442.045,100
3624,10:16:17,3441.795,100
3625,10:16:17,3440.74,100
3626,10:16:17,3440.9452,144
3627,10:16:16,3440.42,100
3628,10:16:14,3441.17,172
3629,10:16:13,3440.755,100
3630,10:16:08,3441.17,100
3631,10:16:05,3441.63,103
3632,10:16:05,3441.63,111
3633,10:16:05,3441.23,100
3634,10:16:05,3441.3,100
3635,10:16:04,3441.9119,119
3636,10:16:03,3442.0,530
3637,10:16:03,3442.89,152
3638,10:16:03,3443.0,100
3639,10:16:03,3443.93,100
3640,10:16:03,3443.22,100
3641,10:16:03,3443.3,100
3642,10:15:59,3443.58,200
3643,10:15:59,3444.0,100
3644,10:15:47,3444.5,100
3645,10:15:44,3444.58,100
3646,10:15:42,3444.97,100
3647,10:15:37,3444.78,100
3648,10:15:27,3445.0,100
3649,10:15:25,3445.955,100
3650,10:15:24,3446.0,100
3651,10:15:24,3446.0,100
3652,10:15:14,3446.485,300
3653,10:14:55,3447.01,100
3654,10:14:54,3447.01,100
3655,10:14:54,3447.81,100
3656,10:14:53,3447.69,299
3657,10:14:50,3446.84,100
3658,10:14:50,3446.33,100
3659,10:14:50,3444.885,200
3660,10:14:49,3444.395,100
3661,10:14:49,3444.395,100
3662,10:14:35,3445.21,100
3663,10:14:35,3444.83,100
3664,10:14:26,3444.2392,165
3665,10:14:25,3443.48,100
3666,10:14:25,3443.505,100
3667,10:14:24,3443.73,100
3668,10:14:24,3443.8001,100
3669,10:14:22,3443.68,187
3670,10:14:12,3444.02,100
3671,10:14:07,3444.66,100
3672,10:14:03,3444.014,100
3673,10:14:03,3444.014,100
3674,10:14:03,3444.014,100
3675,10:14:03,3444.014,100
3676,10:14:03,3444.2,100
3677,10:14:03,3444.22,100
3678,10:14:03,3444.61,100
3679,10:14:00,3443.25,100
3680,10:13:47,3444.95,100
3681,10:13:47,3444.95,100
3682,10:13:47,3444.19,100
3683,10:13:47,3443.66,100
3684,10:13:46,3445.1,100
3685,10:13:46,3445.05,100
3686,10:13:46,3444.94,100
3687,10:13:46,3444.76,100
3688,10:13:46,3444.61,100
3689,10:13:43,3443.8,100
3690,10:13:36,3445.1,100
3691,10:13:36,3443.55,200
3692,10:13:35,3442.82,100
3693,10:13:34,3443.41,100
3694,10:13:30,3445.14,100
3695,10:13:27,3444.585,500
3696,10:13:26,3444.45,100
3697,10:13:25,3445.5057,100
3698,10:13:19,3443.11,100
3699,10:13:18,3443.895,500
3700,10:13:11,3446.68,100
3701,10:13:09,3446.125,500
3702,10:13:04,3445.85,149
3703,10:13:02,3447.26,149
3704,10:13:02,3447.1403,100
3705,10:12:59,3448.37,100
3706,10:12:58,3448.0,100
3707,10:12:52,3449.215,100
3708,10:12:52,3449.4375,100
3709,10:12:52,3449.66,110
3710,10:12:52,3449.65,180
3711,10:12:52,3449.66,100
3712,10:12:52,3449.66,100
3713,10:12:52,3449.215,100
3714,10:12:50,3449.13,100
3715,10:12:46,3449.185,500
3716,10:12:36,3449.057,259
3717,10:12:36,3449.057,480
3718,10:12:23,3449.9,396
3719,10:12:23,3450.0,100
3720,10:12:22,3450.04,100
3721,10:12:20,3450.63,100
3722,10:12:17,3450.62,500
3723,10:12:01,3450.1001,100
3724,10:11:47,3452.515,100
3725,10:11:35,3453.315,100
3726,10:11:31,3452.77,100
3727,10:11:31,3452.77,124
3728,10:11:30,3452.9553,100
3729,10:11:29,3453.26,100
3730,10:11:27,3454.03,100
3731,10:11:18,3454.82,100
3732,10:11:15,3455.2375,100
3733,10:11:06,3455.82,100
3734,10:11:05,3455.165,500
3735,10:11:00,3455.405,100
3736,10:11:00,3455.77,100
3737,10:10:59,3455.819,100
3738,10:10:43,3454.7943,149
3739,10:10:40,3454.51,100
3740,10:10:38,3454.55,100
3741,10:10:38,3454.5114,100
3742,10:10:34,3455.0,100
3743,10:10:34,3455.0,100
3744,10:10:32,3455.16,100
3745,10:10:32,3455.16,100
3746,10:10:32,3455.16,100
3747,10:10:10,3453.8,238
3748,10:10:05,3454.29,100
3749,10:10:05,3455.87,100
3750,10:10:02,3455.0,142
3751,10:09:51,3455.27,100
3752,10:09:51,3455.915,131
3753,10:09:45,3456.0,100
3754,10:09:43,3455.27,100
3755,10:09:39,3455.915,152
3756,10:09:26,3457.45,100
3757,10:09:22,3456.63,100
3758,10:09:10,3456.4,100
3759,10:09:10,3457.48,100
3760,10:09:07,3457.0,100
3761,10:09:07,3457.0,100
3762,10:09:03,3457.4756,265
3763,10:09:01,3456.78,139
3764,10:08:58,3455.93,100
3765,10:08:53,3461.09,100
3766,10:08:50,3461.07,100
3767,10:08:42,3459.65,100
3768,10:08:40,3460.06,100
3769,10:08:38,3460.2938,130
3770,10:08:33,3457.265,100
3771,10:08:27,3456.815,100
3772,10:08:18,3456.53,100
3773,10:08:08,3456.27,130
3774,10:08:03,3455.23,100
3775,10:07:49,3455.16,100
3776,10:07:49,3455.1,100
3777,10:07:48,3455.41,100
3778,10:07:45,3455.11,100
3779,10:07:40,3455.2432,130
3780,10:07:38,3455.1,420
3781,10:07:38,3455.1,100
3782,10:07:36,3455.0,100
3783,10:07:30,3455.02,100
3784,10:07:27,3456.0,100
3785,10:07:25,3457.99,149
3786,10:07:20,3456.3,100
3787,10:07:19,3456.27,100
3788,10:07:14,3457.51,500
3789,10:07:04,3457.55,100
3790,10:07:02,3457.82,100
3791,10:07:01,3460.4,100
3792,10:06:59,3458.42,100
3793,10:06:58,3459.06,100
3794,10:06:56,3457.56,100
3795,10:06:53,3459.32,100
3796,10:06:49,3460.0,100
3797,10:06:48,3460.1,100
3798,10:06:33,3461.045,100
3799,10:06:32,3461.366,100
3800,10:06:31,3462.0,166
3801,10:06:31,3462.4,200
3802,10:06:27,3462.5,100
3803,10:06:24,3462.73,100
3804,10:06:22,3463.0,100
3805,10:06:03,3463.13,100
3806,10:06:02,3462.0,315
3807,10:05:45,3461.938,100
3808,10:05:45,3462.0,100
3809,10:05:45,3461.83,100
3810,10:05:45,3461.91,100
3811,10:05:40,3461.45,100
3812,10:05:37,3461.99,100
3813,10:05:35,3463.25,450
3814,10:05:34,3462.24,100
3815,10:05:34,3462.6,100
3816,10:05:31,3462.44,100
3817,10:05:31,3462.39,100
3818,10:05:23,3461.6238,100
3819,10:05:21,3463.55,318
3820,10:05:21,3461.621,115
3821,10:05:11,3463.49,100
3822,10:05:03,3465.8,100
3823,10:05:00,3465.84,100
3824,10:05:00,3465.62,100
3825,10:04:58,3465.615,100
3826,10:04:51,3465.96,100
3827,10:04:40,3466.8658,100
3828,10:04:37,3467.83,100
3829,10:04:36,3467.0,100
3830,10:04:02,3468.44,100
3831,10:04:02,3468.44,100
3832,10:04:02,3468.43,100
3833,10:04:01,3467.0,300
3834,10:03:59,3467.7312,100
3835,10:03:53,3467.135,100
3836,10:03:51,3468.4299,150
3837,10:03:49,3466.93,100
3838,10:03:49,3468.14,100
3839,10:03:47,3467.7459,775
3840,10:03:47,3468.72,100
3841,10:03:43,3467.42,100
3842,10:03:35,3469.2672,200
3843,10:03:16,3468.8024,100
3844,10:03:02,3468.23,100
3845,10:03:02,3469.1538,100
3846,10:03:02,3469.02,100
3847,10:03:00,3469.6847,140
3848,10:02:51,3469.0,100
3849,10:02:47,3468.95,100
3850,10:02:47,3469.0,111
3851,10:02:47,3469.0,111
3852,10:02:47,3469.0,227
3853,10:02:47,3468.11,100
3854,10:02:41,3467.5801,100
3855,10:02:36,3468.95,100
3856,10:02:29,3467.03,100
3857,10:02:25,3467.65,100
3858,10:02:24,3467.24,100
3859,10:02:24,3467.15,100
3860,10:02:22,3466.305,100
3861,10:02:22,3466.335,100
3862,10:02:11,3467.005,100
3863,10:02:07,3465.9601,100
3864,10:02:05,3468.58,150
3865,10:02:04,3467.465,100
3866,10:01:44,3467.51,172
3867,10:01:44,3468.4442,200
3868,10:01:42,3468.53,100
3869,10:01:42,3467.995,100
3870,10:01:41,3467.0001,100
3871,10:01:36,3467.8525,149
3872,10:01:26,3469.5287,500
3873,10:01:22,3469.72,100
3874,10:01:20,3469.7799,100
3875,10:01:15,3469.81,110
3876,10:01:09,3469.48,100
3877,10:01:08,3470.03,100
3878,10:01:03,3470.12,100
3879,10:01:02,3471.45,100
3880,10:01:02,3471.5,100
3881,10:01:01,3472.225,100
3882,10:00:58,3471.905,100
3883,10:00:54,3470.07,100
3884,10:00:41,3469.58,100
3885,10:00:40,3470.22,100
3886,10:00:38,3471.26,100
3887,10:00:33,3471.03,100
3888,10:00:31,3471.17,100
3889,10:00:25,3471.02,100
3890,10:00:21,3470.9,100
3891,10:00:17,3470.67,100
3892,10:00:12,3469.2,100
3893,10:00:07,3471.8699,100
3894,10:00:07,3470.615,100
3895,10:59:36,3467.0,100
3896,10:59:31,3465.3849,100
3897,10:59:30,3465.91,100
3898,10:59:24,3465.1012,116
3899,10:59:24,3465.1012,167
3900,10:59:23,3465.46,100
3901,10:59:12,3466.04,100
3902,10:59:12,3466.27,100
3903,10:59:12,3466.27,100
3904,10:58:59,3465.9057,114
3905,10:58:58,3466.4,100
3906,10:58:58,3466.41,100
3907,10:58:47,3466.555,100
3908,10:58:47,3467.02,100
3909,10:58:46,3467.07,100
3910,10:58:42,3466.09,100
3911,10:58:42,3466.09,100
3912,10:58:35,3466.13,100
3913,10:58:35,3466.13,100
3914,10:58:35,3468.0,900
3915,10:58:35,3468.56,100
3916,10:58:35,3468.57,100
3917,10:58:35,3468.18,100
3918,10:58:34,3468.74,200
3919,10:58:34,3468.29,100
3920,10:58:32,3469.47,126
3921,10:58:30,3469.7,110
3922,10:58:30,3469.7,100
3923,10:58:30,3470.0,104
3924,10:58:30,3470.0,111
3925,10:58:13,3469.93,100
3926,10:58:13,3470.35,100
3927,10:57:20,3472.1,100
3928,10:57:16,3471.822,100
3929,10:57:13,3471.2276,1000
3930,10:57:12,3471.8075,100
3931,10:57:11,3471.9515,152
3932,10:57:05,3471.5,200
3933,10:57:05,3470.9665,170
3934,10:57:01,3470.5372,288
3935,10:57:01,3470.5372,551
3936,10:56:58,3470.83,100
3937,10:56:55,3471.4866,100
3938,10:56:39,3471.0,113
3939,10:56:38,3470.97,100
3940,10:56:38,3471.0,100
3941,10:56:38,3470.97,100
3942,10:56:38,3471.0,200
3943,10:56:38,3470.98,100
3944,10:56:38,3471.0,100
3945,10:56:23,3470.82,100
3946,10:56:22,3470.0,600
3947,10:56:22,3470.0,100
3948,10:56:22,3470.0,100
3949,10:56:22,3469.95,100
3950,10:56:16,3469.0,100
3951,10:56:16,3469.0,100
3952,10:56:16,3469.19,100
3953,10:56:16,3469.21,100
3954,10:56:16,3469.105,100
3955,10:56:16,3469.0,100
3956,10:56:16,3469.72,100
3957,10:55:54,3468.78,100
3958,10:55:54,3468.96,200
3959,10:55:38,3468.96,100
3960,10:55:22,3467.5565,133
3961,10:55:07,3467.5299,100
3962,10:55:03,3466.415,100
3963,10:55:02,3466.045,100
3964,10:54:36,3466.3413,100
3965,10:54:12,3466.37,100
3966,10:54:12,3466.555,100
3967,10:54:11,3468.1,100
3968,10:53:59,3466.84,100
3969,10:53:57,3465.68,375
3970,10:53:55,3466.83,149
3971,10:53:52,3466.26,100
3972,10:53:49,3467.13,100
3973,10:53:48,3467.215,100
3974,10:53:39,3465.89,100
3975,10:53:39,3466.0,100
3976,10:53:38,3464.83,100
3977,10:53:34,3464.7,100
3978,10:53:31,3464.8,125
3979,10:53:31,3464.8,100
3980,10:53:29,3465.3,200
3981,10:53:25,3465.4,100
3982,10:53:23,3465.97,100
3983,10:53:23,3465.97,100
3984,10:53:23,3465.8096,100
3985,10:53:23,3465.76,100
3986,10:53:23,3465.97,100
3987,10:53:23,3465.76,200
3988,10:53:23,3465.97,100
3989,10:53:17,3465.4,1000
3990,10:53:13,3465.04,100
3991,10:53:12,3465.0,199
3992,10:53:12,3465.0,100
3993,10:53:12,3464.505,100
3994,10:53:11,3464.0922,100
3995,10:53:11,3464.0922,100
3996,10:53:11,3464.0922,100
3997,10:53:11,3464.0922,100
3998,10:53:11,3464.4,100
3999,10:53:11,3464.47,100
4000,10:53:11,3464.57,100
4001,10:53:11,3464.095,100
4002,10:53:11,3464.095,100
4003,10:53:07,3464.61,100
4004,10:53:07,3464.475,100
4005,10:53:02,3463.79,100
4006,10:52:41,3462.03,100
4007,10:52:29,3461.825,100
4008,10:52:28,3461.59,100
4009,10:52:28,3461.38,100
4010,10:52:28,3461.47,100
4011,10:52:24,3461.6,100
4012,10:52:22,3461.1,130
4013,10:52:01,3461.347,110
4014,10:51:56,3461.38,100
4015,10:51:56,3461.13,100
4016,10:51:56,3461.32,100
